4087 5702
1044 515 1455 605 'dierorum'
1492 520 1873 605 vindicam
1916 517 2496 634 Disputationis
2520 518 2621 604 de
2663 518 3655 641 AEsculapio,quamapud

1052 632 1406 719 Oeenses
1429 642 1902 738 recitavit,in
1940 636 2344 748 Apologia
2364 642 2746 723 meminit.
2785 637 3113 728 Librum
3143 638 3243 719 de
3270 640 3523 723 statua
3551 640 3651 727 fi..

1050 752 1132 832 bi
1166 754 1423 833 erecta
1452 816 1479 854 ,
1527 758 1606 832 in
1659 780 1821 863 quo
1868 756 2152 866 gratias
2203 751 2498 863 agebat
2566 751 3347 868 Carthaginiensibus
3378 816 3404 857 ,
3452 761 3535 835 ὃ(
3578 755 3662 835 li.

1051 867 1280 950 brum
1317 868 1703 981 Scipionis
1726 864 2138 953 AEmiliani
2174 864 2608 947 honoribus
2638 866 3090 949 dedicatum
3116 866 3280 985 ipse
3322 894 3657 981 quoque

1052 980 1343 1067 laudat.
1404 980 1796 1073 Praeterea
1839 983 2285 1062 orationem
2319 972 2674 1093 vulgasse
2710 983 3076 1067 adversus
3112 983 3662 1067 contradiffio·

1051 1122 1237 1177 nem
1282 1099 1808 1208 quorumdam
1851 1096 2320 1197 civium,de
2359 1096 2606 1180 statua
2642 1100 2856 1210 apud
2900 1095 3248 1182 Oeenses
3293 1099 3663 1196 locanda,

1055 1216 1176 1298 D.
1215 1213 1423 1325 Aug.
1468 1212 1708 1299 testis.
1766 1223 2250 1319 Hermagoras
2307 1210 2634 1323 Apuleii
2669 1277 2694 1313 ,
2744 1212 3140 1324 Fulgentii
3187 1222 3267 1300 &
3304 1210 3675 1302 Prisciani

1051 1328 1459 1407 mentione
1497 1350 1732 1409 notus
1757 1359 1776 1407 x
1802 1328 2022 1439 cujus
2058 1350 2147 1418 ar
2207 1327 2508 1409 umenti
2547 1321 2787 1409 fuerit
2809 1386 2833 1421 ,
2855 1323 3179 1438 adsequi
3219 1354 3382 1409 non
3415 1333 3676 1444 potui.

1052 1437 1386 1555 Dialogi
1430 1441 1766 1555 speciem
1806 1467 1967 1551 pra:
2013 1436 2089 1520 se
2139 1351 2351 1519 {tre
2391 1441 2727 1521 videtur.
2766 1437 3174 1550 inscriptio
3222 1444 3267 1519 a
3283 1444 3620 1553 persona
3646 1513 3673 1555 ,

1053 1556 1179 1634 cui
1199 1578 1460 1667 partes
1494 1556 1892 1666 loquentis
1911 1553 2266 1633 dederat.
2302 1551 2690 1633 Tributus
2724 1571 2993 1632 autem
3017 1556 3095 1631 in
3131 1550 3399 1661 plures
3432 1558 3665 1642 Her.

1053 1692 1420 1780 magor-as
1445 1668 1938 1773 ,imitatione
1971 1658 2373 1763 Platonis,
2407 1684 2499 1743 ut
2534 1685 2639 1745 ex
2687 1662 2882 1750 locis
2923 1663 2974 1742 a
3014 1663 3405 1748 Prisciano
3461 1676 3661 1753 cita-

1051 1785 1155 1860 tis
1194 1784 1594 1893 conjicere
1643 1782 1856 1875 licet,
1939 1800 2181 1888 quam
2247 1799 2440 1861 vero
2490 1775 2705 1858 idem
2774 1771 3201 1863 Priscianus
3267 1780 3672 1893 epitoma

1055 1895 1221 2003 ejus
1262 1898 1526 1980 laudet
1554 1897 1931 2014 ,ignoroz
1974 1888 2118 1973 nili
2164 1891 2269 1972 ad
2305 1890 2799 1974 historiarum
2857 1900 3268 2007 epitomen
3311 1891 3604 1977 referas
3639 1923 3670 1985 ς

1056 2033 1224 2121 quo
1260 2021 1347 2099 δε
1382 2011 1648 2117 locus,
1674 2035 1917 2125 quem
1955 2003 2631 2121 profert,ducere
2669 2007 3131 2113 videtur,&
3168 2007 3298 2089 illa
3344 2010 3431 2089 in
3478 2010 3670 2093 Flo-

1056 2122 1285 2211 ridisz
1330 2125 1668 2210 historias
1708 2118 2084 2209 variarum
2122 2146 2357 2203 rerum
2374 2175 2401 2211 ‚
2432 2150 2568 2205 nec
2609 2147 2757 2204 nm
2789 2117 3099 2231 dialogos
3137 2122 3467 2207 laudatos
3505 2122 3676 2240 phi.

1057 2237 1379 2350 lostphis.
1445 2241 1549 2322 Et
1577 2241 1744 2327 haec
1778 2235 2106 2343 quidem
2147 2236 2413 2311 omnia
2451 2234 2736 2341 injuria
2777 2240 3159 2344 temporis
3191 2237 3454 2319 invida
3493 2265 3666 2319 mo-

1060 2354 1338 2433 litione
1384 2351 1616 2429 nobis
1669 2344 2081 2426 subtraxit.
2105 2348 2329 2426 Inter
2376 2341 2511 2422 illa
2558 2365 2998 2454 vero‚quae
3042 2344 3258 2426 velut
3296 2373 3399 2429 ex
3440 2375 3664 2433 com-

1061 2466 1283 2543 muni
1326 2459 1706 2542 incendio
1754 2453 2140 2537 reservata
2186 2518 2212 2567 ,
2256 2456 2491 2568 primi
2557 2481 2999 2539 occurrunt
3041 2457 3665 2577 Metamorpho-
3787 2496 3801 2503 ·

1063 2574 1260 2659 seon
1288 2575 1465 2657 libri
1493 2572 1628 2655 suo
1644 2574 1813 2681 jure
1836 2571 2184 2683 primum
2208 2568 2476 2652 locum
2493 2575 2958 2690 occupaturi
2976 2638 3002 2678 ,
3029 2572 3083 2653 fi
3104 2579 3350 2674 atatis
3365 2601 3503 2658 aut
3521 2604 3662 2660 an·

1064 2716 1352 2775 norum
1415 2682 1648 2771 censu
1690 2685 2144 2781 aestimetur,
2204 2688 2426 2770 Nam
2477 2688 2730 2796 prima
2785 2686 3076 2775 foetura
3130 2685 3500 2775 excidiss‘e
3547 2700 3661 2777 A„

1057 2808 1336 2918 puleio
1381 2804 1692 2916 liquido
1733 2796 2258 2914 dignoscimus
2285 2825 2386 2881 ex
2412 2797 2876 2914 ipso,quod
2918 2803 3111 2884 citm
3146 2803 3330 2887 alias
3367 2805 3660 2920 gloria..

1068 2924 1137 3001 ri
1184 2916 1427 3000 soleat
1476 2921 1575 3000 de
1617 2914 2041 2998 verborum
2088 2917 2623 3030 proprietate,
2665 2920 2892 2998 initio
2938 2918 3223 3000 horum
3277 2918 3659 3001 librorum

1070 3036 1382 3115 veniam
1462 3033 1767 3126 raefatus
1792 3030 1886 3110 fit
1909 3027 2218 3143 zfiquid
2244 3034 2513 3126 exotici
2544 3057 2625 3111 ac
2630 3031 2923 3142 forensts
2923 3035 3284 3142 sermonis
3307 3036 3511 3119 rudis
3552 3039 3660 3118 lo.

1067 3167 1265 3234 catur
1302 3181 1340 3230 o
1397 3150 1716 3249 cuderet,
1758 3167 1893 3227 tan
1955 3169 2135 3225 uam
2170 3144 2229 3224 si
2281 3169 2551 3227 recens
2600 3146 2649 3226 a
2689 3143 2947 3227 studio
2997 3135 3152 3229 fori
3191 3211 3220 3250 ,
3263 3147 3449 3230 huic
3492 3173 3659 3231 me-

1070 3263 1436 3345 ditationi
1478 3260 1553 3344 se
1598 3260 1881 3342 tradidi
1949 3274 2057 3347 et.
2100 3258 2321 3343 Nam
2364 3261 2700 3369 primum
2733 3260 2900 3374 ejus
2926 3265 3400 3374 tyrocinium
3439 3261 3658 3377 post-

1073 3404 1309 3489 quam
1334 3381 1610 3461 Latine
1638 3372 2022 3457 didiciffet
2042 3436 2067 3473 ,
2090 3377 2170 3453 in
2192 3373 2432 3455 caulis
2454 3378 2891 3484 agendis,&
2912 3380 3251 3487 primum
3271 3375 3429 3455 hoc
3459 3402 3659 3488 opus

1080 3492 1361 3571 Latine
1398 3481 1792 3600 vulgasse,
1836 3489 2074 3568 etiam
2112 3484 2242 3564 illa
2290 3487 2641 3599 produnt
2673 3549 2696 3586 ,
2736 3512 2909 3598 quae
2947 3487 3327 3570 subneffit
3366 3489 3659 3572 eodem

1077 3604 1260 3684 loco
1281 3665 1309 3701 ‚
1339 3600 1475 3686 bac
1511 3600 1662 3715 ipse}
1712 3605 1915 3682 vocis
1953 3603 2356 3679 immutatio
2379 3664 2403 3700 ,
2438 3595 2826 3702 desultoria
2851 3597 3169 3708 fiientiae
3217 3605 3383 3684 ailo
3414 3665 3440 3705 ,
3460 3629 3665 3717 quem

1072 3713 1469 3834 arcefflmus
1509 3776 1532 3809 ‚
1580 3709 1959 3829 respondet.
2009 3713 2222 3829 Qae
2277 3716 2489 3810 enim
2544 3712 2676 3795 illa
2713 3713 2935 3798 vocis
2975 3715 3421 3797 immutatio
3449 3781 3475 3820 ,
3516 3714 3662 3797 nili

1070 3831 1298 3944 quod
1342 3837 1721 3922 Graecum
1784 3825 2227 3909 sermonem
2284 3824 2747 3909 familiarem
2805 3832 2893 3909 δε
2954 3826 3430 3911 consuetum
3490 3857 3668 3913 mu-

1077 3968 1327 4048 taret,
1357 3951 1438 4027 &
1482 3941 1640 4054 jam
1693 3944 1974 4025 Latine
2013 3940 2351 4024 scribere
2386 3940 3038 4028 instituerettllli
3058 3944 3668 4058 Metamorpho-

1062 4060 1264 4143 ¹sessn
1316 4058 1493 4141 libri
1529 4057 1803 4139 ludicri
1850 4057 2086 4168 plane
2120 4059 2280 4156 ,·&
2323 4058 2511 4136 varii
2555 4058 3056 4165 argumenti;
3105 4058 3186 4137 in
3217 4057 3501 4169 quibus
3551 4080 3673 4139 ta..

1078 4199 1263 4258 men
1301 4197 1467 4255 non
1523 4174 1804 4254 deserit
1863 4167 2301 4249 institutum
2336 4233 2360 4266 ,
2397 4190 2485 4248 ut
2520 4169 2569 4249 a
2630 4168 2937 4253 Graecis
2995 4190 3333 4283 accepta
3391 4174 3671 4257 Latine

1081 4290 1366 4372 tradat.
1426 4284 1728 4366 infinita
1781 4282 2108 4393 quidem
2149 4280 2248 4360 de
2295 4278 2430 4362 suo
2468 4284 2748 4365 miscet
2775 4349 2801 4390 ,
2846 4278 3156 4366 secutus
3212 4307 3479 4368 tamen
3529 4312 3672 4369 ve-

1079 4406 1306 4518 stigia
1357 4402 1676 4484 Luciani
1718 4464 1743 4499 ,
1789 4402 1926 4509 qui
1969 4396 2138 4486 fere
2185 4395 2408 4476 simili
2451 4392 2767 4482 fictione
2820 4405 3059 4483 λείων
3096 4397 3259 4479 five
3295 4395 3450 4486 ὄνου
3497 4401 3672 4486 scri·

1062 4519 1257 4640 psit.
1322 4518 1749 4599 Rationem
1807 4513 2330 4624 inscriptionis
2386 4510 2542 4627 ipse
2604 4516 2980 4628 Apuleius
3038 4512 3386 4597 reddidit
3444 4519 3673 4602 initio

1080 4631 1592 4740 fib.1‚figaraes
1626 4624 2087 4736 fortunasque
2128 4623 2493 4714 hommum
2526 4635 2611 4709 in
2637 4630 2822 4710 alias
2863 4633 3215 4740 imagines
3261 4633 3683 4731 conversis,

1083 4759 1173 4840 <9·
1215 4748 1385 4859 inse
1427 4733 1693 4856 rufium
1725 4766 1965 4828 mum
1992 4767 2187 4827 nexu
2208 4737 2509 4854 reflro‘las
2525 4737 2650 4827 bic
2673 4741 3008 4846 exordior
3026 4782 3051 4829 .-
3079 4752 3166 4831 δι
3193 4749 3464 4865 potior
3497 4740 3683 4852 sane
3842 4770 3858 4786 ·
