4087 5702
0 3814 21 3981 -Wa
16 3686 25 3691 ²
18 3282 34 3602 ΑΠ’-γὴ,

849 1633 3145 2055 ΡΜΕΡΑΤΙΟᾸ

1049 2212 1344 2307 CCE
1395 2204 1654 2333 tibi,
1714 2219 1788 2316 L
1836 2241 2117 2311 εστ.
2162 2241 2228 2306 o
2280 2242 2350 2308 R
2460 2218 3042 2338 ornus,

1036 2352 1141 2445 L.
1217 2342 1654 2483 Apuleius
1750 2344 2381 2448 Madaurensis
2457 2344 3043 2486 Philosophus

1036 2482 1545 2583 Platonicus
1620 2492 2375 2624 interpretatione
2474 2485 2778 2586 nostra
2849 2566 2880 2612 ,
2948 2507 3046 2592 &

1035 2629 1308 2724 Notis
1377 2626 1912 2754 jamdudum
2011 2621 2482 2726 illustratus
2526 2704 2559 2750 ,
2652 2642 2743 2726 &
2805 2622 3035 2763 pluss

442 2797 729 2904 quam
769 2796 1115 2869 nonum
1160 2759 1496 2903 pressus
1560 2775 1651 2867 in
1717 2801 2055 2867 annum
2092 2846 2125 2893 ,
2168 2762 2793 2867 munificentia
2838 2775 3035 2872 Re..

438 2907 590 3043 gia
677 2898 834 3002 sub
903 2918 1767 3011 sarnanum
1866 2915 2372 3014 DELPflx
2408 2942 2549 3010 Νι
2638 2899 3035 3043 auspiciis

419 3042 813 3143 'tandem
842 3043 1140 3179 prodit
1184 3047 1282 3140 in
1314 3039 1636 3148 lucem.
1724 3052 2008 3181 Cujus
2068 3044 2483 3147 editionis
2526 3052 3031 3170 rationem,

442 3195 537 3280 δε
583 3179 1068 3287 confilium
1101 3190 1438 3320 accipe.

571 3330 813 3421 Cum
866 3315 1276 3460 primum
1316 3320 1879 3461 ‚impositum
1948 3317 2119 3420 fibi
2186 3322 2240 3420 Ξι
2312 3332 2664 3425 Luno
2697 3359 2758 3426 v
2792 3358 2826 3420 1
2866 3359 2923 3424 c
2960 3357 3026 3422 o

434 3466 639 3561 MA
669 3499 728 3562 c
767 3494 835 3560 N
862 3499 928 3566 o
1011 3458 1456 3559 educandi
1499 3468 1740 3561 unici
1800 3468 2075 3600 Regii
2122 3469 2394 3563 'Pueri
2444 3492 2770 3562 munus
2815 3459 3030 3600 glo-

434 3596 992 3701 riofiffimum
1062 3593 1550 3737 suscepisset
1622 3598 2233 3703 illustrissimus
2306 3608 3027 3704 MoNrAusan

439 3743 703 3834 Dux
749 3749 1356 3842 Car-orus
1427 3752 2578 3843 SANCTAMAURAEus
2625 3746 2786 3840 Vir
2835 3774 3074 3839 om:

403 3870 694 3973 -nibus
744 3871 962 3974 belli
1027 3893 1116 3977 &
1159 3886 1404 4017 pacis
1477 3877 1813 3976 artibus
1885 3876 2228 3976 dudum
2295 3870 2962 4013 specstatiffimus
2990 3959 3020 4005 ,

420 4007 608 4111 fide
630 4022 1006 4155 antiqua
1027 4024 1316 4159 magis
1338 4091 1369 4137 ,
1393 4008 1887 4153 faustisque
1912 4012 2315 4110 moribus
2353 4090 2384 4134 ‚
2411 4045 2688 4150 atque
2732 4023 3022 4114 omni-

486 4187 659 4252 ena
757 4153 1255 4255 eruditione
1328 4236 1359 4280 ‚
1469 4188 1751 4294 quam
1834 4146 2018 4291 ipso
2093 4142 2608 4252 nobiliffirni
2663 4159 3012 4291 generis

442 4289 878 4424 plendore
943 4292 1230 4392 clarus
1271 4375 1301 4422 ,
1369 4290 1869 4394 litterarum
1936 4327 2046 4390 ac
2111 4291 2708 4391 litteratorum
2764 4288 3012 4423 apud

403 4428 1160 4569 Augustissimum
1196 4446 1564 4575 Regem
1611 4427 1911 4531 fautor
1948 4425 2608 4527 studiosiffimus
2649 4459 2761 4520 ac
2799 4461 3009 4526 vere

403 4573 524 4669 M
561 4603 691 4669 οε
720 4606 778 4673 c
810 4602 868 4669 n
899 4608 971 4673 n
997 4607 1066 4671 A
1091 4606 1130 4668 s
1170 4569 1445 4695 alterg
1496 4578 1896 4712 Regium
1942 4563 2113 4664 effe
2170 4571 2599 4703 imprimis
2648 4560 3011 4665 arbitra-

402 4735 547 4831 tus
573 4784 607 4833 ,
630 4704 1038 4859 prodeffe
1106 4708 1785 4891 quamplurimis
1831 4790 1861 4837 ,
1925 4699 2348 4847 ratusque
2427 4740 2617 4806 non
2680 4704 3016 4824 med-io·v
