4087 5702
1111 454 1601 573 Philosopho
1622 453 1992 548 ostendit.
2013 464 2118 547 Et
2136 467 2325 548 vere
2349 460 2674 577 quidem
2699 455 3713 572 conveniensPhilosopho,'

1104 572 1303 654 nihil
1346 576 1548 652 inse
1596 570 1997 657 sordidum
2041 644 2066 681 ‚
2112 576 2309 658 nihil
2354 574 2851 658 immundum
2905 579 3071 690 pati
3118 642 3140 681 ‚
3183 573 3417 690 plane
3454 576 3697 654 etiam

1101 681 1562 781 absurdum,
1609 694 1691 767 ὅτ,
1739 686 1843 768 ab
1877 694 2100 770 omni
2137 691 2445 771 ratione
2485 690 2826 771 alienum
2854 758 2877 790 ,
2933 713 3021 770 ut
3067 693 3128 770 is
3180 692 3318 800 qui
3363 682 3696 769 caelestia

1097 804 1186 877 δε
1252 820 1547 878 aeterna
1596 803 2181 914 contemplatur
2231 799 2541 919 spurcus
2584 810 2666 884 ὃ(
2722 801 3064 915 pollutus
3105 802 3472 901 incedat,
3503 824 3697 911 pura

1096 911 1662 1024 &incorrupta
1684 919 2242 998 attrectatione
2283 913 2687 997 maculosa
2722 919 3247 998 contaminet.
3293 917 3694 1027 Ingenua-

1095 1046 1269 1102 rum
1299 1027 1582 1103 artium
1616 1025 1877 1107 studiis
1920 1024 2220 1141 semper
2240 1030 2550 1110 deditus
2586 1096 2606 1132 ‚
2629 1051 2898 1108 earum
2924 1030 3139 1111 cultu
3159 1052 3478 1107 omnem
3516 1046 3698 1106 aeta..

1098 1153 1261 1213 tem
1314 1134 1710 1253 transegit.
1806 1143 2080 1223 Primis
2126 1145 2475 1254 pueritia:
2515 1139 2735 1222 annis
2775 1134 3037 1224 sedem
3079 1169 3176 1222 ac
3240 1141 3690 1253 magistram

1094 1244 1527 1329 studiorum
1613 1254 2185 1366 Carthaginem
2279 1254 2558 1335 habuit
2607 1320 2631 1359 ,
2713 1280 2952 1364 quam
3008 1255 3281 1368 postea
3334 1253 3691 1335 Athenas

1090 1360 1503 1446 transtulit.
1628 1367 1827 1448 Inde
1878 1364 2568 1481 Carthaginienses
2619 1390 2986 1481 parentes
3028 1368 3198 1448 suos
3251 1392 3348 1447 ac
3400 1370 3693 1480 primos

1086 1472 1500 1588 magistros
1572 1477 1949 1561 celebrat.
2041 1483 2244 1562 Inde
2289 1482 2673 1593 gloriatur
2736 1472 3010 1558 seinis
3057 1542 3081 1579 ,
3138 1509 3266 1558 nec
3311 1482 3458 1560 lare
3507 1485 3689 1562 alie.

1086 1615 1262 1668 num
1287 1651 1309 1688 ‚
1346 1616 1476 1670 nec
1506 1597 1816 1708 pueritia
1854 1598 2311 1701 invisttatum
2362 1662 2384 1697 ,
2431 1624 2557 1675 nec
2599 1589 2946 1701 magistris
2976 1601 3436 1705 peregrinum
3472 1655 3492 1689 ‚
3561 1620 3695 1672 nec

1056 1696 1259 1805 stila
1308 1707 1757 1816 incognitum
1793 1770 1819 1804 ,
1860 1737 1991 1791 nec
2028 1736 2196 1790 voce
2260 1711 2664 1791 inauditum
2694 1766 2717 1797 ‚
2741 1734 2873 1786 nec
2916 1707 3126 1787 libris
3185 1710 3495 1790 iaceam
3519 1707 3692 1806 ,f-

1079 1819 1265 1895 biam
1292 1818 1584 1903 Atheni}
1633 1825 1893 1900 Atticis
1938 1828 2416 1931 confirmatam
2441 1889 2460 1923 ,
2494 1818 2965 1932 Carthagini
3011 1845 3202 1899 vero
3252 1820 3681 1901 inchoatam.

1081 1927 1517 2015 Platonicae
1577 1938 1790 2016 enim
1820 1932 2132 2020 familiae
2178 1963 2475 2017 nomen
2495 1932 2760 2034 dedit,
2799 1935 3028 2046 eique
3054 1934 3334 2015 divinae
3371 1932 3584 2016 seQae
3609 1928 3683 2013 se

1078 2038 1601 2158 transcripsit,
1667 2075 1903 2160 quam
1950 2049 2325 2161 praeclare
2379 2052 2677 2162 ingenii
2750 2054 3291 2125 monumentis
3348 2069 3686 2129 exorna-

1078 2155 1194 2232 vit
1217 2220 1239 2257 ,
1270 2177 1399 2256 ut,
1434 2160 1556 2238 vel
1574 2163 1747 2269 jure
1771 2168 2124 2270 quodam
2155 2165 2532 2272 Praecipui
2558 2223 2581 2259 ,
2607 2159 3087 2240 Platonicus.
3121 2159 3361 2239 Periit
3395 2161 3686 2240 deinde

1079 2268 1429 2351 Romam
1457 2335 1479 2367 ,
1512 2275 1653 2348 ubi
1682 2276 1971 2349 advena
2006 2276 2415 2378 studiorum
2449 2276 2924 2385 Qiritiam‚
2967 2272 3078 2344 ita
3112 2273 3326 2346 enim
3368 2269 3685 2373 scribit,

1073 2375 1488 2485 indigenam
1537 2379 1978 2484 firmatum,
2018 2383 2216 2464 nullo
2271 2387 2613 2493 Magtstm
2647 2404 3041 2490 praeunte,
3081 2380 3411 2468 excoluit.
3482 2383 3680 2461 Eam

1074 2506 1347 2568 tamen
1387 2492 1746 2598 peritiam
1787 2495 2114 2605 Lingua:
2159 2496 2500 2592 Latinae,
2525 2493 3250 2610 &JurisQiritium
3287 2491 3673 2576 affecutus

1072 2599 1189 2681 est
1219 2668 1241 2703 ,
1282 2626 1370 2681 ut
1410 2600 1805 2683 causarum
1888 2631 2255 2686 atronum
2280 2630 2591 2719 ageret,
2637 2614 2715 2687 &
2762 2602 3150 2717 stipendio
3183 2601 3472 2687 forensi
3503 2631 3664 2687 me-

1071 2734 1300 2796 reret.
1327 2715 1775 2816 Unde‚cum
1826 2720 2023 2797 acris
2048 2713 2577 2831 despon'sus,&
2599 2726 2985 2797 tenuitate
3005 2718 3422 2827 impeditus·
3445 2718 3668 2818 esset,

1070 2829 1492 2938 quominus
1553 2831 1638 2908 iis
1687 2832 2128 2911 traderetur
2179 2881 2199 2937 3
2274 2831 2438 2912 hoc
2502 2828 2754 2914 studio
2803 2829 3269 2912 sufficientes
3334 2826 3672 2946 sumptui

1066 2963 1437 3020 nummos
1477 2941 1905 3053 acquisivit.
1954 2969 2137 3023 nam
2166 2942 2305 3025 etfi
2346 2944 2686 3057 Apuleio
2716 2951 2797 3025 &
2837 2941 3058 3023 fratri
3091 2946 3483 3027 cohaeredi
3545 2970 3663 3024 re-

1063 3051 1333 3134 lictum
1365 3053 1410 3132 a
1465 3077 1688 3165 patre
1732 3056 1912 3141 HS.
1952 3059 2237 3159 vicies,
2277 3078 2541 3136 tamen
2575 3057 3030 3168 patrimonii
3073 3059 3269 3136 vires
3305 3054 3669 3170 impensae

1062 3168 1784 3278 peregrinationes,
1823 3167 2118 3250 crebrae
2152 3167 2657 3250 liberalitates
2685 3233 2705 3268 ,
2733 3175 2816 3249 &
2859 3169 3160 3247 diutina
3209 3167 3455 3250 studia
3500 3198 3666 3250 non

944 3319 947 3324 ·
1061 3302 1339 3390 parurn
1394 3281 1911 3385 attriverant,
1944 3305 2097 3361 nec
2137 3304 2450 3360 veretur
2479 3284 2560 3360 in
2608 3275 3474 3392 conseffuJudicum,&
3509 3279 3664 3362 fre-

1058 3393 1393 3502 quentia
1461 3397 1909 3474 auditorum
2009 3396 2369 3473 animose
2453 3397 2716 3476 dicere
2771 3427 2792 3472 ε
2853 3401 3260 3474 Amicorum
3321 3395 3692 3506 plerisque'

1056 3534 1250 3623 opem
1307 3505 1453 3583 tuli
1484 3568 1509 3606 ,
1577 3504 1667 3596 ἀ
1723 3510 2089 3621 magistris
2127 3511 2465 3623 plurimis
2547 3516 2860 3621 gratiam
2919 3511 3172 3607 retuli,
3197 3511 3663 3619 quorumdam

1055 3617 1504 3725 etiamfilias
1546 3622 1704 3702 dote
1756 3627 1936 3703 auxi
1978 3655 2006 3710 ,-
2066 3647 2291 3737 neque
2320 3630 2511 3702 enim
2567 3616 2972 3727 dubitaffim
3013 3680 3037 3711 ‚
3080 3628 3212 3702 vel
3243 3615 3661 3730 univerfio'm'

1035 3736 1564 3848 patrimonium
1588 3738 2096 3851 impendere,ut
2113 3742 2541 3850 acquirerem
2573 3732 3009 3845 quodmajus
3041 3741 3172 3835 eii,
3200 3762 3466 3824 contem
3513 3762 3661 3818 tum

1044 3851 1493 3962 patrimonii.
1545 3854 1795 3938 Certe
1825 3875 1988 3928 non
2019 3847 2248 3930 valde
2287 3848 2748 3961 opulentum
2786 3841 3049 3950 fuisse,
3078 3848 3289 3932 haud
3316 3850 3425 3931 ob
3461 3859 3660 3932 cure

1050 3959 1373 4039 constat
1419 4005 1441 4065 3
1497 3986 1683 4039 nam
1736 3968 1820 4044 &
1858 3964 2010 4048 XI.
2066 3956 2828 4074 Metamorphoseon
2877 3955 2948 4042 se
2978 3949 3413 4044 admodu’m
3454 3990 3654 4074 pau-

1052 4095 1327 4184 perem
1372 4076 1484 4152 ait
1522 4137 1545 4174 ,
1588 4072 1795 4153 adeo
1848 4097 1937 4152 ut
1975 4072 2267 4154 vestem
2313 4069 2554 4182 ipsam
2597 4073 2940 4150 vendere
2981 4073 3071 4151 fit
3100 4079 3414 4156 coactus
3440 4102 3652 4184 ,quo

1054 4182 1451 4269 sacrorum
1492 4183 1851 4295 impensis
1906 4208 2175 4296 parem
2222 4181 2597 4262 summam
2642 4184 3119 4267 corraderet.
3163 4190 3251 4270 N
3259 4184 3338 4266 ifi
3393 4189 3657 4300 potius

1051 4318 1247 4379 tunc
1292 4298 1670 4407 temporis
1730 4320 2169 4409 ‚pauperem
2219 4297 2479 4405 capies
2517 4357 2543 4395 ,
2603 4292 3060 4378 exhaustum
3140 4290 3435 4380 scilicet
3482 4299 3661 4400 diu-[-

990 4403 1003 4408 ’
1046 4413 1218 4493 tina
1270 4408 1949 4524 peregrinatione,
1999 4415 2506 4493 &recentem
2533 4405 2578 4488 a
2606 4403 3195 4490 deformatione
3218 4477 3241 4516 ,
3265 4436 3440 4522 quae
3477 4440 3656 4494 orn..

1045 4524 1279 4606 nibus
1326 4519 1553 4603 bonis
1578 4521 2066 4635 spoliaverat.
2112 4523 2321 4606 Cum
2368 4547 2560 4603 vero
2590 4517 3082 4603 accusatores
3113 4547 3663 4638 paupertatem

1048 4631 1640 4756 exprobrassent
1677 4696 1703 4738 ,
1746 4653 2130 4747 tanquam
2187 4639 2273 4715 in
2323 4636 2654 4751 proprio
2718 4641 2803 4717 δε
2871 4630 3239 4721 familiari
3289 4641 3656 4744 crimine,
