4087 5702
1778 441 2443 529 APULEII
2591 442 2999 532 VITA.
3245 504 3252 507 -

1104 550 1750 663 tamorphoseon.
1780 557 2179 639 excusabit
2203 560 2441 669 igitur
2481 564 2568 644 δε
2613 555 3514 673 argumentum,quod‚
3548 577 3685 643 va-'

1104 670 1309 749 rium
1338 675 1421 750 &
1453 664 1859 777 jocosum,
1882 669 2452 752 involvendum
2478 669 2631 754 fuit
2671 674 2949 784 pingui
2987 672 3139 757 bac
3162 682 3244 759 δι
3280 669 3680 784 squallen-

1105 784 1212 869 ti,
1250 802 1339 859 ut
1368 784 1485 861 ita
1542 781 1799 879 dicam
1828 845 1850 881 ,
1892 783 2208 866 lacerna
2251 818 2276 868 ε
2321 784 2485 892 qua
2525 793 2608 869 &
2637 788 3017 869 Varronis
3053 789 3521 900 Menippeas
3546 843 3570 877 ,
3594 792 3679 869 δε

1102 894 1494 986 Martiani
1542 894 1899 1008 Capellae
1919 900 2158 981 Artes
2180 963 2205 1002 ‚
2233 923 2437 1008 quas
2464 901 2742 1010 Satyra
2769 896 3110 987 distante
3149 920 3678 1009 conceperat,

1099 1007 1480 1091 incinekas
1512 1010 1793 1092 videas
1842 1013 2093 1096 Satius
2124 1033 2319 1125 ergo
2374 1006 2634 1096 fuerat
2680 1015 2869 1094 vitia
2913 1011 3088 1098 haec
3135 1013 3454 1128 Apuleii
3499 1034 3684 1094 erue

1098 1118 1270 1200 dita
1317 1123 1975 1233 interpretatione
2008 1123 2272 1206 levare
2299 1187 2324 1226 ,
2350 1122 2502 1209 frui
2546 1129 2660 1211 his
2711 1125 3006 1208 deliciis
3034 1189 3059 1225 ,
3098 1137 3180 1214 δε
3219 1191 3243 1223 ,
3276 1128 3331 1207 fi
3383 1153 3562 1235 quae
3595 1128 3681 1204 iu

1094 1232 1188 1314 iis
1230 1232 1615 1315 stomachi
1654 1237 1894 1319 nostri
1934 1236 2479 1323 infirmitatem
2543 1237 2942 1324 solverent
2980 1303 3005 1341 ‚
3058 1265 3289 1325 cauta
3338 1241 3686 1322 observa.

1101 1346 1326 1427 tione
1363 1342 1768 1463 sublegere
1808 1414 1834 1453 ,
1887 1355 1971 1435 δι
2022 1352 2125 1430 ab
2171 1376 2449 1435 eorum
2488 1354 2861 1437 contaflm
2911 1375 3346 1464 temperare
3384 1356 3690 1465 potius,

1099 1485 1345 1572 quam
1396 1482 1664 1545 totum
1715 1461 2157 1546 inconsulta
2206 1468 2652 1544 temeritate
2692 1468 3094 1544 damnare.
3168 1466 3324 1545 Sed
3359 1493 3481 1549 nae
3529 1491 3687 1578 ego

1102 1574 1516 1686 imperitus
1546 1637 1573 1677 ‚
1622 1574 1761 1682 qui
1804 1567 2108 1654 caufirn
2151 1574 2469 1685 Apuleii
2498 1598 2729 1682 agam
2756 1600 2981 1673 ‚cum
3023 1577 3233 1657 recte
3271 1579 3688 1663 sentientes

1092 1682 1593 1767 accusatores
1631 1711 1796 1767 non
1842 1684 2109 1767 habet.
2177 1687 2368 1798 quin
2401 1691 2660 1795 potius
2710 1686 3115 1770 cohibebo
3149 1713 3312 1789 me,
3356 1694 3441 1770 δε
3488 1713 3685 1769 con-

1092 1819 1452 1880 temnam
1512 1796 1762 1885 stultis
1821 1803 1907 1882 δε
1948 1799 2332 1912 imperitis
2387 1794 3375 1913 respondere.qnibus‚ut
3403 1800 3686 1913 pueris,

1090 1914 1680 2005 terrorirerum
1723 1910 2026 1993 umbrae
2056 1977 2082 2015 ,
2114 1938 2297 1997 cum
2325 1913 2428 1995 de
2457 1913 2629 2029 ipfis
2668 1915 3128 2025 corporibus
3173 1937 3450 2025 parum
3499 1936 3689 1993 con-

1092 2023 1242 2107 stat
1263 2085 1288 2125 ,
1321 2046 1498 2136 quae
1526 2026 1811 2107 intueri
1836 2045 1973 2109 aut
2004 2044 2331 2139 tangere
2362 2051 2754 2110 verentur.
2795 2050 3085 2136 nempe
3113 2022 3489 2137 spernunt
3515 2052 3692 2136 qua:

1090 2139 1472 2246 ignorant
1490 2202 1511 2236 ,
1538 2144 1623 2220 ὅ(
1649 2136 2123 2222 difficultate
2148 2141 2403 2222 territi
2425 2140 2855 2221 admovere
2887 2163 3162 2219 manus
3188 2165 3354 2219 non
3374 2139 3691 2223 audent.

1097 2250 1279 2361 Ego
1312 2247 1672 2360 profe&o
1710 2250 2012 2348 grande
2050 2276 2311 2359 operae
2342 2255 2679 2357 pretium
2706 2250 2901 2348 tuli,
2929 2250 3150 2356 quod
3189 2251 3460 2332 Genio
3508 2276 3687 2332 meo

1094 2358 1563 2471 pauciffimis
1605 2352 1818 2439 hisce
1878 2355 2092 2439 horis
2144 2359 2392 2442 litavi.
2428 2359 2659 2478 de
2721 2360 2937 2439 enim
2998 2363 3291 2442 attinet
3355 2363 3692 2445 circuitu

1087 2492 1380 2583 agerer
1419 2463 1724 2579 semper
1758 2468 1967 2551 odeo
2003 2490 2444 2554 amatorem
2484 2495 2615 2551 me
2655 2470 2934 2553 habuit
2979 2472 3519 2583 Apuleius-,ad
3552 2502 3690 2558 cu-

1081 2586 1210 2697 jus
1245 2582 1663 2666 lectionem
1710 2582 1953 2664 etiam
1998 2585 2266 2697 primis
2301 2589 2522 2665 annis
2557 2580 2999 2692 impetuose
3044 2586 3403 2697 rapiebar
3443 2624 3463 2670 ε
3514 2614 3688 2669 non

1094 2698 1325 2810 quod
1355 2695 1763 2808 placerent
1785 2692 2050 2777 dulcia
2066 2695 2201 2780 illa
2228 2699 2452 2800 vitia,
2475 2718 2615 2778 want
2648 2696 2877 2808 quod
2901 2722 3387 2813 magnopere
3424 2724 3553 2782 me
3578 2727 3694 2789 ca-

1088 2832 1372 2926 perent
1398 2805 1721 2894 Milefiae
1759 2815 1841 2892 δι
1861 2810 1944 2894 id
1965 2835 2214 2925 genus
2244 2832 2769 2923 nugamenta,
2792 2836 2972 2922 qua:
3003 2836 3102 2892 ne
3125 2815 3682 2927 tralaticiaqui·

1094 2927 1281 3012 dem
1312 2922 1644 3006 lenione
1663 2919 1971 3034 dignari
1992 2921 2200 3010 soleo
2223 2988 2249 3028 ,
2279 2931 2364 3008 δι
2397 2923 2443 3005 a
2523 2924 2747 3007 uibus
2768 2925 3009 3006 etiam
3044 2923 3178 3007 illa
3216 2926 3676 3037 aetatejudi..

1091 3041 1224 3119 cio
1243 3034 2310 3150 abhorrebam(quanquam
2350 3045 2434 3120 δι
2483 3037 2734 3118 ummi
2751 3036 2896 3120 viri
2911 3039 3014 3122 ad
3038 3034 3237 3121 lusus
3266 3049 3348 3124 &
3377 3064 3687 3122 amores

1095 3149 1528 3232 narrandos
1566 3145 2145 3234 descenderunt
2186 3215 2212 3253 ,
2256 3157 2340 3235 δε
2378 3149 2829 3264 graviffimae
2871 3152 3248 3236 doclrnnae
3293 3175 3692 3268 praecepta

1095 3261 1416 3347 ludicris
1452 3262 1613 3342 istis
1657 3282 2204 3375 temperarunt
2242 3298 2267 3350 ς
2309 3288 2656 3374 quorum
2713 3263 3085 3373 exemplo
3137 3268 3505 3348 incitatus
3563 3268 3689 3348 ali-

1096 3374 1428 3486 quando
1452 3372 1692 3458 simile
1714 3399 2268 3489 argumentum
2293 3375 2631 3567 suscepi,
2657 3399 2805 3457 nec
2834 3374 2989 3458 visa
3021 3377 3139 3458 est
3171 3381 3497 3458 eruditis
3517 3377 3685 3458 ille..

1093 3490 1286 3600 pida
1304 3483 1612 3598 prorsus
1637 3487 2143 3603 &inelegans
2173 3513 2470 3600 compo
2505 3490 2648 3570 itio
2668 3549 2694 3588 ,
2715 3485 2933 3595 cujus
2955 3493 3390 3600 praeeipuus
3407 3485 3682 3572 finisut

1098 3599 1368 3683 Latini.
1385 3596 1754 3680 sermonis
1775 3625 2055 3714 parum
2083 3603 2348 3714 peritis
2368 3605 2750 3713 eriperem
2782 3599 3054 3682 falsam
3082 3597 3689 3714 persuasionem,

1099 3737 1262 3823 qua
1293 3712 1780 3796 imbiberunt
1828 3716 2128 3798 Latinae
2165 3716 2491 3828 Lingua:
2529 3732 2842 3795 tanturn
2885 3714 3232 3826 rigorem
3258 3782 3285 3819 ‚
3322 3719 3436 3796 ita
3476 3718 3688 3796 enim

1096 3846 1398 3906 vocant
1418 3889 1442 3921 ‚
1482 3847 1570 3906 ut
1600 3826 1808 3910 flecti
1843 3828 1947 3912 ad
1977 3827 2121 3911 has
2141 3832 2495 3911 Veneres
2515 3851 2679 3909 non
2700 3822 2974 3938 poffit)
3001 3827 3131 3911 sed
3158 3829 3524 3913 trahebat
3559 3851 3691 3911 me

1097 3929 1510 4024 consensus
1528 3940 2028 4054 ingeniorum
2055 3942 2223 4045 ,vel
2248 3945 2515 4059 potius
2546 3942 2988 4054 proprietas
3029 3943 3390 4051 quaedam
3425 3948 3508 4022 ὃ(
3545 3964 3688 4051 pe·

994 4134 997 4138 4
1097 4045 1405 4142 culiaris
1426 4055 1682 4163 gratia
1703 4054 2123 4170 Apuleiani
2142 4057 2438 4166 ingenii
2460 4076 2741 4162 ,quam
2768 4046 3017 4132 sentio
3045 4053 3519 4166 &intelligo
3543 4071 3688 4163 po-

1094 4164 1250 4243 tius
1294 4190 1536 4272 quam
1573 4163 1899 4276 profero
1922 4230 1948 4267 ,
1970 4185 2064 4244 ut
2107 4191 2277 4243 non
2313 4167 2571 4245 dicam
2593 4163 2701 4245 ,de
2739 4157 2935 4244 seen
2961 4168 3367 4250 Platonica
3400 4183 3479 4249 δε
3505 4185 3688 4244 tota

1094 4274 1711 4388 philosophandi
1731 4282 2059 4360 ratione.
2087 4274 2321 4360 Nihil
2344 4277 2543 4358 adeo
2563 4282 2647 4359 δε
2666 4300 2813 4357 nos
2827 4298 3177 4362 amamus
3195 4342 3221 4381 ,
3238 4274 3434 4359 nihil
3458 4275 3692 4356 novi·

1094 4412 1269 4484 mus
1291 4451 1313 4488 ,
1337 4387 1477 4470 nili
1511 4390 1843 4494 festum,
1874 4397 1959 4475 δι
1996 4392 2404 4493 laenrm,&
2437 4386 2798 4502 superum
2824 4451 2850 4489 ‚
2889 4396 2973 4473 ὃς
3019 4391 3339 4474 coeleste
3361 4450 3386 4484 ‚
3421 4411 3509 4470 ut
3544 4390 3696 4469 rite

1090 4501 1430 4581 decebat
1460 4504 1871 4588 hominem
1901 4509 2216 4619 optimo
2242 4503 2429 4589 loco
2469 4527 2742 4587 natum
2762 4567 2790 4607 ,
2813 4506 2897 4584 δε
2927 4501 3356 4588 liberaliter
3400 4505 3693 4585 educa-

1097 4611 1554 4696 tura-Salve
1578 4617 1820 4726 igitur
1843 4679 1868 4715 ,
1889 4619 2451 4726 mihijucunda
2470 4620 2770 4716 anima,
2794 4621 2879 4696 δι
2913 4616 3051 4697 has
3086 4617 3477 4721 corollas,
3499 4635 3690 4724 quas

1093 4726 1327 4837 spatii
1349 4726 1448 4812 ad
1463 4726 1859 4813 tumulum
1875 4731 2041 4844 jam
2055 4721 2474 4812 arescentis
2487 4724 2763 4810 lubens
2777 4729 3084 4845 excipe.
3110 4744 3283 4818 Hac
3297 4747 3696 4822 VVovver.
