4087 5702
1911 391 2008 478 ⁴1>
2059 385 2135 480 R
2189 384 2313 478 Αι-
2342 352 2415 476 r
2455 389 2534 477 A
2582 383 2661 478 τ
2694 383 2756 476 1
2783 390 2882 475 0.

1099 515 1366 610 criter
1407 541 1932 649 promotum
1978 520 2084 609 iri
2157 510 2704 637 studia,non
2775 504 3058 610 solum
3106 520 3445 650 privata
3497 527 3701 623 Re·-

1096 657 1224 791 gii
1269 641 1393 746 sui
1445 648 1876 775 Alumni‚
1936 648 2085 750 sed
2128 660 2404 753 etiam
2465 646 2829 787 publica
2898 684 3235 755 caeterae
3296 668 3694 775 juventu,-

1100 795 1215 885 tis
1263 869 1293 912 ,
1346 783 1419 888 fi
1471 801 1965 929 Scriptores
2029 798 2328 893 Latini
2397 826 2715 888 omnes
2785 797 3520 930 interpretatione
3567 789 3693 891 fa-

934 1010 951 1023 „
1095 923 1379 1025 ciliori
1414 1009 1446 1053 ,
1514 948 1603 1030 &
1654 938 1887 1030 notis
1956 964 2141 1031 non
2212 928 2908 1030 ad'eruditionis
2988 930 3694 1033 ostentationem

1097 1058 1754 1169 luxuriantibus
1806 1150 1837 1195 ,
1890 1063 2034 1169 sed
2091 1067 2206 1165 ad
2253 1063 2881 1166 difficultatum
2953 1077 3362 1169 omnium
3411 1070 3700 1208 expla-

1099 1211 1565 1306 nationem
1600 1205 2050 1307 concinne*
2100 1209 2584 1305 contrac'tis
2647 1203 3290 1307 illustrarentur
3340 1261 3366 1330 ς
3441 1245 3702 1313 com.

1097 1351 1573 1446 municato
1620 1343 1992 1445 consilio
2038 1382 2250 1444 cum
2300 1340 2877 1445 lllustrissimo
2924 1343 3706 1451 Condomenfium

1102 1479 1371 1579 antea
1395 1568 1426 1613 ,
1472 1520 1711 1583 nunc
1760 1481 2367 1584 Meldenssum
2419 1473 2862 1618 Episcopo
2935 1489 2983 1593 J
3011 1519 3068 1581 Α
3097 1519 3322 1584 coss
3355 1523 3422 1587 o
3522 1500 3593 1586 B
3628 1522 3717 1589 ε-

1104 1654 1174 1719 u
1203 1656 1237 1718 1
1265 1657 1328 1719 o
1362 1663 1427 1728 N
1460 1662 1524 1728 o
1617 1608 1849 1727 Boas
1876 1661 1941 1721 u
1966 1655 2023 1722 n
2048 1662 2110 1724 T
2139 1657 2172 1721 1
2199 1662 2262 1729 o
2327 1630 2556 1724 Viro
2605 1616 3275 1759 elegantiffimis
3321 1619 3712 1724 firmiff-

1099 1752 1293 1858 mis
1356 1799 1448 1861 *ie
1499 1797 1665 1901 pto
1692 1763 1929 1861 Fidei
1979 1757 2489 1863 Catholieae
2531 1752 3004 1857 affertione
3047 1753 3392 1895 seriptis
3426 1841 3457 1886 ,
3508 1762 3726 1859 stre-

1102 1795 1479 2043 nuigqlue
1584 1894 1992 2000 adversus
2084 1894 2489 2002 haerefim
2598 1893 3412 1999 conflictationibus
3507 1933 3708 2002 toto

1103 2036 1333 2138 orbe
1396 2036 1856 2139 notiffirno
1901 2121 1931 2164 ,
2008 2048 2392 2177 vitaeque
2459 2073 2571 2134 ac
2622 2069 2983 2132 morum
3050 2029 3476 2135 suavitate
3516 2120 3542 2161 ,
3612 2055 3715 2140 δι

1102 2167 1689 2281 sanctimonia
1759 2214 1947 2275 non
2014 2184 2303 2279 minus
2362 2254 2395 2293 ,
2464 2207 2743 2310 quam
2814 2179 3273 2273 Doarinae
3321 2173 3706 2314 profun-

1104 2315 1389 2410 ditate
1438 2393 1466 2436 ‚
1540 2331 1628 2410 δε
1688 2309 2110 2447 pastorali
2173 2344 2385 2411 cura
2447 2307 3094 2413 commendato
3167 2389 3199 2433 ,
3273 2320 3423 2409 cui
3500 2354 3704 2417 eru-

1066 2447 1422 2555 ·dicndi
1488 2466 2333 2554 snaemssxm
2457 2458 3126 2555 Dei-ruini
3191 2484 3514 2552 munus
3579 2465 3706 2554 in-

1105 2581 1937 2699 cumbebat3suafit
1981 2596 2218 2729 Regi
2254 2582 3130 2711 munificenttffimo‚
3180 2623 3288 2686 ac
3330 2623 3497 2725 pro
3541 2630 3700 2716 ea,

1078 2760 1298 2868 aqua
1353 2726 1596 2828 valet
1642 2728 1886 2864 apud
1931 2720 2262 2866 ipsum,
2313 2729 2853 2842 austoritate
2916 2716 3178 2829 facile
3230 2723 3698 2866 persuafit,

1070 2874 1241 2966 .-uti
1281 2865 1620 2969 seledkis
1665 2876 1895 2972 Viris
1941 2903 2049 2972 ea
2093 2873 2547 3004 provincia
2591 2865 3315 2983 demandaretur.
3403 2973 3414 2980 ,

1252 3018 1495 3110 Cum
1538 3039 1848 3107 autem
1890 3043 2043 3108 eos
2092 3042 2408 3107 omnes
2458 3007 2945 3141 Auctores,
2998 3015 3158 3146 qui
3207 3013 3382 3106 teri
3411 3014 3699 3150 magis

1111 3154 1205 3246 in
1239 3142 1549 3245 scholis
1588 3142 1922 3269 solent,
1967 3156 2152 3280 jam
2178 3143 2753 3284 occupassent
2796 3145 2943 3248 alii
2968 3153 3155 3244 Viri
3197 3144 3698 3248 eruditione

1114 3320 1226 3384 ac
1266 3285 1674 3387 dunfini
1699 3283 2258 3421 praestantes;
2306 3299 2485 3424 ego
2529 3318 2908 3424 quoque
2960 3293 3048 3384 in
3089 3316 3448 3420 partem
3491 3322 3701 3429 ope-

1112 3432 1227 3522 ris
1316 3459 1682 3522 vocatus
1755 3420 2452 3530 Madaurensem
2516 3422 2758 3524 hunc
2844 3420 3417 3526 Platonicum
3481 3422 3702 3522 mihi

1114 3558 1654 3699 depoposci,
1690 3556 2134 3662 Africanae
2159 3559 2528 3702 quidem
2576 3577 2666 3666 ἃς
2700 3559 3069 3664 durioris
3126 3556 3399 3696 paulo
3462 3557 3704 3666 locu·

1115 3707 1383 3799 tionis
1416 3777 1445 3822 ,
1494 3695 1640 3799 sed
1682 3697 2194 3804 eruditionis
2259 3693 2963 3802 reconditiffimae
3001 3777 3034 3820 ‚
3081 3715 3172 3800 δε
3244 3707 3705 3836 praecipuae

1117 3835 1663 3938 difficultatis
1684 3917 1715 3959 ,
1738 3874 2039 3979 eoque
2066 3847 2434 3940 nomine
2458 3839 2781 3940 eadem
2807 3841 2993 3977 qua
3029 3852 3355 3974 poetas
3394 3838 3641 3938 veste
3671 3919 3697 3962 ‚

1102 3975 1302 4080 'hoc
1346 3975 1481 4074 est
1522 4058 1552 4103 ,
1604 4010 1923 4116 praeter
2020 4011 2282 4080 notas
2344 4059 2376 4098 ,
2438 3985 3175 4114 interpretatione
3269 4009 3705 4113 perpetua

1119 4117 1761 4217 exornandum.
2741 4215 2750 4222 ,
2933 4215 2940 4218 ,

1256 4255 1543 4393 Qod
1579 4288 1684 4353 ut
1707 4261 2204 4353 accuratius
2239 4250 2771 4390 perficerem
2818 4332 2849 4378 ,
2908 4249 3292 4389 prolixos
3324 4248 3615 4391 Philip
3679 4263 3712 4356 i

1124 4394 1545 4499 Beroaldi
1629 4402 1721 4493 in
1789 4391 2049 4524 hujus
2117 4403 2579 4531 Scriptoris
2648 4389 3434 4531 Metamorphosm
3562 4288 3715 4493 sepu

1120 4528 1505 4634 Afinum
1570 4542 2314 4656 commentarios,
2360 4529 3049 4668 copiofiffirnam
3109 4540 3475 4649 Ioannis
3545 4541 3719 4642 Pri-

1079 4676 1281 4772 ·caei
1302 4702 1554 4799 ‚tum
1595 4677 1688 4772 in
1733 4673 2121 4809 eandem
2166 4667 2953 4813 Metamorphosin
2990 4756 3026 4806 ‚
3080 4707 3276 4778 tum
3321 4683 3419 4780 in
3460 4682 3725 4808 Apo-

3389 4812 3735 4951 logiam
