<?xml version="1.0" encoding="UTF-8"?>
<!DOCTYPE html PUBLIC "-//W3C//DTD XHTML 1.0 Transitional//EN"
    "http://www.w3.org/TR/xhtml1/DTD/xhtml1-transitional.dtd">
<html xmlns="http://www.w3.org/1999/xhtml" xml:lang="en" lang="en">
 <head>
  <title>
</title>
<meta http-equiv="Content-Type" content="text/html;charset=utf-8" />
  <meta name='ocr-system' content='tesseract 3.04.00' />
  <meta name='ocr-capabilities' content='ocr_page ocr_carea ocr_par ocr_line ocrx_word'/>
</head>
<body>
  <div class='ocr_page' id='page_1' title='image "./luciiapuleiimad00fleugoog_0046.png"; bbox 0 0 4087 5702; ppageno 0'>
   <div class='ocr_carea' id='block_1_1' title="bbox 930 414 3708 4723">
    <p class='ocr_par' dir='ltr' id='par_1_1' title="bbox 930 414 3708 4723">
     <span class='ocr_line' id='line_1_1' title="bbox 1025 414 3618 535; baseline -0 -31"><span class='ocrx_word' id='word_1_1' title='bbox 1025 418 1577 519; x_wconf 86' lang='lat' dir='ltr'>merebantur,</span> <span class='ocrx_word' id='word_1_2' title='bbox 1619 416 1804 498; x_wconf 90' lang='lat' dir='ltr'>ideo</span> <span class='ocrx_word' id='word_1_3' title='bbox 1842 414 2166 535; x_wconf 80' lang='lat' dir='ltr'>adipisci</span> <span class='ocrx_word' id='word_1_4' title='bbox 2207 447 2370 527; x_wconf 88' lang='lat' dir='ltr'>non</span> <span class='ocrx_word' id='word_1_5' title='bbox 2403 422 2730 534; x_wconf 64' lang='lat' dir='ltr'>potuit?</span> <span class='ocrx_word' id='word_1_6' title='bbox 2772 419 3094 504; x_wconf 84' lang='lat' dir='ltr'>Infirma</span> <span class='ocrx_word' id='word_1_7' title='bbox 3138 423 3344 503; x_wconf 88' lang='lat' dir='ltr'>ratio</span> <span class='ocrx_word' id='word_1_8' title='bbox 3389 434 3472 513; x_wconf 84' lang='lat'>&amp;</span> <span class='ocrx_word' id='word_1_9' title='bbox 3502 431 3618 517; x_wconf 59' lang='lat' dir='ltr'>sa,</span> 
     </span>
     <span class='ocr_line' id='line_1_2' title="bbox 1021 526 3616 659; baseline 0.002 -45"><span class='ocrx_word' id='word_1_10' title='bbox 1021 534 1115 615; x_wconf 89' lang='lat' dir='ltr'>lis</span> <span class='ocrx_word' id='word_1_11' title='bbox 1159 531 1530 643; x_wconf 88' lang='lat' dir='ltr'>imperitis</span> <span class='ocrx_word' id='word_1_12' title='bbox 1584 529 1976 618; x_wconf 88' lang='lat' dir='ltr'>conclusa.</span> <span class='ocrx_word' id='word_1_13' title='bbox 2041 526 2399 645; x_wconf 75' lang='lat' dir='ltr'>quinimo</span> <span class='ocrx_word' id='word_1_14' title='bbox 2446 561 2852 659; x_wconf 88' lang='lat' dir='ltr'>nunquam</span> <span class='ocrx_word' id='word_1_15' title='bbox 2898 535 3031 614; x_wconf 90' lang='lat' dir='ltr'>illa</span> <span class='ocrx_word' id='word_1_16' title='bbox 3073 537 3446 651; x_wconf 86' lang='lat' dir='ltr'><strong>consequi</strong></span> <span class='ocrx_word' id='word_1_17' title='bbox 3496 546 3616 630; x_wconf 86' lang='lat' dir='ltr'>af.</span> 
     </span>
     <span class='ocr_line' id='line_1_3' title="bbox 1022 644 3662 773; baseline 0.002 -44"><span class='ocrx_word' id='word_1_18' title='bbox 1022 646 1463 745; x_wconf 53' lang='lat' dir='ltr'>staminia</span> <span class='ocrx_word' id='word_1_19' title='bbox 1487 645 1769 754; x_wconf 89' lang='lat' dir='ltr'>quibus</span> <span class='ocrx_word' id='word_1_20' title='bbox 1805 644 1941 728; x_wconf 83' lang='lat' dir='ltr'>alii·</span> <span class='ocrx_word' id='word_1_21' title='bbox 1971 649 2200 727; x_wconf 88' lang='lat' dir='ltr'>anxie</span> <span class='ocrx_word' id='word_1_22' title='bbox 2249 672 2430 727; x_wconf 82' lang='lat' dir='ltr'>vota</span> <span class='ocrx_word' id='word_1_23' title='bbox 2462 648 2588 729; x_wconf 77' lang='lat' dir='ltr'>lua</span> <span class='ocrx_word' id='word_1_24' title='bbox 2621 647 3112 761; x_wconf 79' lang='lat' dir='ltr'>iuspendunt.</span> <span class='ocrx_word' id='word_1_25' title='bbox 3156 653 3374 773; x_wconf 77' lang='lat' dir='ltr'>Qid</span> <span class='ocrx_word' id='word_1_26' title='bbox 3401 664 3616 741; x_wconf 90' lang='lat' dir='ltr'>enim</span> <span class='ocrx_word' id='word_1_27' title='bbox 3659 732 3662 733; x_wconf 18' lang='lat' dir='ltr'><strong><em>f</em></strong></span> 
     </span>
     <span class='ocr_line' id='line_1_4' title="bbox 1018 756 3618 879; baseline 0.005 -39"><span class='ocrx_word' id='word_1_28' title='bbox 1018 756 1238 840; x_wconf 86' lang='lat' dir='ltr'>sacra</span> <span class='ocrx_word' id='word_1_29' title='bbox 1288 757 1457 840; x_wconf 85' lang='lat' dir='ltr'>haec</span> <span class='ocrx_word' id='word_1_30' title='bbox 1513 768 1593 840; x_wconf 84' lang='lat'>&amp;</span> <span class='ocrx_word' id='word_1_31' title='bbox 1635 758 2050 873; x_wconf 88' lang='lat' dir='ltr'>impolluta</span> <span class='ocrx_word' id='word_1_32' title='bbox 2114 785 2209 838; x_wconf 86' lang='lat' dir='ltr'>ac</span> <span class='ocrx_word' id='word_1_33' title='bbox 2241 760 2540 874; x_wconf 85' lang='lat' dir='ltr'>semper</span> <span class='ocrx_word' id='word_1_34' title='bbox 2564 768 2829 873; x_wconf 86' lang='lat' dir='ltr'>quieta</span> <span class='ocrx_word' id='word_1_35' title='bbox 2870 770 2956 844; x_wconf 82' lang='lat'>&amp;</span> <span class='ocrx_word' id='word_1_36' title='bbox 3003 757 3266 845; x_wconf 90' lang='lat' dir='ltr'>secura</span> <span class='ocrx_word' id='word_1_37' title='bbox 3322 768 3618 879; x_wconf 79' lang='lat' dir='ltr'>profes-</span> 
     </span>
     <span class='ocr_line' id='line_1_5' title="bbox 1020 873 3616 989; baseline 0.005 -36"><span class='ocrx_word' id='word_1_38' title='bbox 1020 873 1133 953; x_wconf 81' lang='lat' dir='ltr'>fio</span> <span class='ocrx_word' id='word_1_39' title='bbox 1162 940 1183 975; x_wconf 73' lang='grc'><em>,</em></span> <span class='ocrx_word' id='word_1_40' title='bbox 1225 875 1419 981; x_wconf 89' lang='lat' dir='ltr'>quid</span> <span class='ocrx_word' id='word_1_41' title='bbox 1442 936 1463 972; x_wconf 91' lang='lat'>,</span> <span class='ocrx_word' id='word_1_42' title='bbox 1508 873 1831 983; x_wconf 85' lang='lat' dir='ltr'>inquam</span> <span class='ocrx_word' id='word_1_43' title='bbox 1856 940 1877 976; x_wconf 82' lang='lat'>,</span> <span class='ocrx_word' id='word_1_44' title='bbox 1902 877 2362 954; x_wconf 84' lang='lat' dir='ltr'>commercii</span> <span class='ocrx_word' id='word_1_45' title='bbox 2398 878 2646 955; x_wconf 87' lang='lat' dir='ltr'>habet</span> <span class='ocrx_word' id='word_1_46' title='bbox 2706 903 2885 956; x_wconf 88' lang='lat' dir='ltr'>cum</span> <span class='ocrx_word' id='word_1_47' title='bbox 2920 876 3241 987; x_wconf 86' lang='lat' dir='ltr'>strepitu</span> <span class='ocrx_word' id='word_1_48' title='bbox 3271 878 3564 966; x_wconf 77' lang='lat' dir='ltr'>forensi</span> <span class='ocrx_word' id='word_1_49' title='bbox 3590 953 3616 989; x_wconf 80' lang='lat'>,</span> 
     </span>
     <span class='ocr_line' id='line_1_6' title="bbox 1026 981 3612 1102; baseline 0.004 -35"><span class='ocrx_word' id='word_1_50' title='bbox 1026 982 1309 1067; x_wconf 82' lang='lat' dir='ltr'>fraude</span> <span class='ocrx_word' id='word_1_51' title='bbox 1327 981 1866 1066; x_wconf 85' lang='lat' dir='ltr'>accusatorum</span> <span class='ocrx_word' id='word_1_52' title='bbox 1895 1054 1916 1089; x_wconf 86' lang='lat'>,</span> <span class='ocrx_word' id='word_1_53' title='bbox 1939 991 2241 1099; x_wconf 83' lang='lat' dir='ltr'>gemitu</span> <span class='ocrx_word' id='word_1_54' title='bbox 2281 1012 2633 1090; x_wconf 86' lang='lat' dir='ltr'>reorum,</span> <span class='ocrx_word' id='word_1_55' title='bbox 2657 984 3029 1102; x_wconf 82' lang='lat' dir='ltr'>sanguine</span> <span class='ocrx_word' id='word_1_56' title='bbox 3057 992 3612 1085; x_wconf 71' lang='lat' dir='ltr'>innocentum?</span> 
     </span>
     <span class='ocr_line' id='line_1_7' title="bbox 1020 1100 3620 1228; baseline 0.005 -52"><span class='ocrx_word' id='word_1_57' title='bbox 1020 1102 1229 1225; x_wconf 81' lang='lat' dir='ltr'>Qis</span> <span class='ocrx_word' id='word_1_58' title='bbox 1287 1124 1473 1177; x_wconf 88' lang='lat' dir='ltr'>vero</span> <span class='ocrx_word' id='word_1_59' title='bbox 1528 1100 1845 1179; x_wconf 84' lang='lat' dir='ltr'>fimilior</span> <span class='ocrx_word' id='word_1_60' title='bbox 1886 1106 2117 1202; x_wconf 86' lang='lat' dir='ltr'>Deo,</span> <span class='ocrx_word' id='word_1_61' title='bbox 2151 1102 2321 1211; x_wconf 89' lang='lat' dir='ltr'>quis</span> <span class='ocrx_word' id='word_1_62' title='bbox 2368 1106 2696 1215; x_wconf 88' lang='lat' dir='ltr'>propior</span> <span class='ocrx_word' id='word_1_63' title='bbox 2750 1127 2988 1213; x_wconf 88' lang='lat' dir='ltr'>quam</span> <span class='ocrx_word' id='word_1_64' title='bbox 3048 1102 3620 1228; x_wconf 79' lang='lat' dir='ltr'>Philosophus,</span> 
     </span>
     <span class='ocr_line' id='line_1_8' title="bbox 930 1210 3620 1329; baseline 0.004 -37"><span class='ocrx_word' id='word_1_65' title='bbox 930 1262 943 1281; x_wconf 58' lang='grc' dir='ltr'>ι</span> <span class='ocrx_word' id='word_1_66' title='bbox 1024 1239 1161 1322; x_wconf 82' lang='lat' dir='ltr'>qui</span> <span class='ocrx_word' id='word_1_67' title='bbox 1203 1210 1473 1295; x_wconf 66' lang='lat' dir='ltr'>teneto</span> <span class='ocrx_word' id='word_1_68' title='bbox 1514 1216 2017 1292; x_wconf 80' lang='lat' dir='ltr'>mortalitatis</span> <span class='ocrx_word' id='word_1_69' title='bbox 2065 1219 2448 1329; x_wconf 81' lang='lat' dir='ltr'>contagio</span> <span class='ocrx_word' id='word_1_70' title='bbox 2475 1279 2497 1316; x_wconf 86' lang='lat'>,</span> <span class='ocrx_word' id='word_1_71' title='bbox 2523 1214 2894 1326; x_wconf 84' lang='lat' dir='ltr'>mysteriis</span> <span class='ocrx_word' id='word_1_72' title='bbox 2919 1217 3199 1295; x_wconf 89' lang='lat' dir='ltr'>divinis</span> <span class='ocrx_word' id='word_1_73' title='bbox 3239 1224 3620 1328; x_wconf 78' lang='lat' dir='ltr'>conscius,</span> 
     </span>
     <span class='ocr_line' id='line_1_9' title="bbox 1016 1327 3619 1450; baseline 0.002 -45"><span class='ocrx_word' id='word_1_74' title='bbox 1016 1328 1291 1405; x_wconf 81' lang='lat' dir='ltr'>divina</span> <span class='ocrx_word' id='word_1_75' title='bbox 1353 1328 1672 1409; x_wconf 78' lang='lat' dir='ltr'>consilia</span> <span class='ocrx_word' id='word_1_76' title='bbox 1738 1330 2062 1407; x_wconf 82' lang='lat' dir='ltr'>rimatur</span> <span class='ocrx_word' id='word_1_77' title='bbox 2099 1395 2120 1430; x_wconf 88' lang='lat'><strong>‚</strong></span> <span class='ocrx_word' id='word_1_78' title='bbox 2163 1332 2266 1412; x_wconf 87' lang='lat' dir='ltr'>ad</span> <span class='ocrx_word' id='word_1_79' title='bbox 2337 1327 2752 1411; x_wconf 85' lang='lat' dir='ltr'>caelestium</span> <span class='ocrx_word' id='word_1_80' title='bbox 2822 1328 3308 1411; x_wconf 75' lang='lat' dir='ltr'>consortium</span> <span class='ocrx_word' id='word_1_81' title='bbox 3368 1361 3619 1450; x_wconf 86' lang='lat' dir='ltr'>prope</span> 
     </span>
     <span class='ocr_line' id='line_1_10' title="bbox 941 1430 3708 1553; baseline 0.001 -28"><span class='ocrx_word' id='word_1_82' title='bbox 941 1482 944 1493; x_wconf 42' lang='lat'>³</span> <span class='ocrx_word' id='word_1_83' title='bbox 1023 1430 1441 1525; x_wconf 65' lang='lat' dir='ltr'>admissus?</span> <span class='ocrx_word' id='word_1_84' title='bbox 1475 1442 1703 1524; x_wconf 89' lang='lat' dir='ltr'>Unde</span> <span class='ocrx_word' id='word_1_85' title='bbox 1728 1437 1867 1551; x_wconf 80' lang='lat' dir='ltr'>ipsi</span> <span class='ocrx_word' id='word_1_86' title='bbox 1904 1442 2243 1553; x_wconf 81' lang='lat' dir='ltr'>Apuleio</span> <span class='ocrx_word' id='word_1_87' title='bbox 2273 1437 2790 1551; x_wconf 77' lang='lat' dir='ltr'>Philosophus</span> <span class='ocrx_word' id='word_1_88' title='bbox 2850 1443 3203 1518; x_wconf 90' lang='lat' dir='ltr'>omnium</span> <span class='ocrx_word' id='word_1_89' title='bbox 3252 1449 3623 1529; x_wconf 85' lang='lat' dir='ltr'>Deorum</span> <span class='ocrx_word' id='word_1_90' title='bbox 3699 1487 3708 1497; x_wconf 92' lang='lat'><strong>·</strong></span> 
     </span>
     <span class='ocr_line' id='line_1_11' title="bbox 1028 1548 3620 1675; baseline -0.001 -40"><span class='ocrx_word' id='word_1_91' title='bbox 1028 1555 1413 1635; x_wconf 83' lang='lat' dir='ltr'>Sacerdos</span> <span class='ocrx_word' id='word_1_92' title='bbox 1475 1552 1867 1636; x_wconf 84' lang='lat' dir='ltr'>definitur.</span> <span class='ocrx_word' id='word_1_93' title='bbox 1928 1558 2134 1675; x_wconf 82' lang='lat' dir='ltr'>Qae</span> <span class='ocrx_word' id='word_1_94' title='bbox 2200 1555 2439 1666; x_wconf 85' lang='lat' dir='ltr'>igitur</span> <span class='ocrx_word' id='word_1_95' title='bbox 2488 1553 2781 1631; x_wconf 82' lang='lat' dir='ltr'>decora</span> <span class='ocrx_word' id='word_1_96' title='bbox 2843 1548 3332 1663; x_wconf 90' lang='lat' dir='ltr'>Philosopho</span> <span class='ocrx_word' id='word_1_97' title='bbox 3367 1620 3389 1647; x_wconf 87' lang='lat'>‚</span> <span class='ocrx_word' id='word_1_98' title='bbox 3443 1586 3620 1668; x_wconf 82' lang='lat' dir='ltr'>quae</span> 
     </span>
     <span class='ocr_line' id='line_1_12' title="bbox 1026 1658 3620 1782; baseline 0.001 -37"><span class='ocrx_word' id='word_1_99' title='bbox 1026 1663 1240 1745; x_wconf 89' lang='lat' dir='ltr'>salvo</span> <span class='ocrx_word' id='word_1_100' title='bbox 1276 1663 1798 1782; x_wconf 74' lang='lat' dir='ltr'>Philosophia:</span> <span class='ocrx_word' id='word_1_101' title='bbox 1830 1667 2138 1749; x_wconf 86' lang='lat' dir='ltr'>honore</span> <span class='ocrx_word' id='word_1_102' title='bbox 2177 1658 2483 1777; x_wconf 48' lang='lat' dir='ltr'>potuit.</span> <span class='ocrx_word' id='word_1_103' title='bbox 2509 1663 3030 1764; x_wconf 81' lang='lat' dir='ltr'>&amp;ambiit,&amp;</span> <span class='ocrx_word' id='word_1_104' title='bbox 3055 1665 3432 1750; x_wconf 84' lang='lat' dir='ltr'>obtinuit.</span> <span class='ocrx_word' id='word_1_105' title='bbox 3484 1670 3620 1753; x_wconf 86' lang='lat' dir='ltr'>Sa-</span> 
     </span>
     <span class='ocr_line' id='line_1_13' title="bbox 1026 1777 3619 1893; baseline 0.003 -37"><span class='ocrx_word' id='word_1_106' title='bbox 1026 1779 1178 1856; x_wconf 81' lang='lat' dir='ltr'>cris</span> <span class='ocrx_word' id='word_1_107' title='bbox 1227 1777 1438 1858; x_wconf 84' lang='lat' dir='ltr'>euim</span> <span class='ocrx_word' id='word_1_108' title='bbox 1489 1781 2085 1890; x_wconf 79' lang='lat' dir='ltr'>quamplurimis</span> <span class='ocrx_word' id='word_1_109' title='bbox 2147 1783 2489 1858; x_wconf 82' lang='lat' dir='ltr'>initiatus</span> <span class='ocrx_word' id='word_1_110' title='bbox 2533 1814 2552 1859; x_wconf 72' lang='grc' dir='ltr'><strong><em>ε</em></strong></span> <span class='ocrx_word' id='word_1_111' title='bbox 2618 1788 3033 1881; x_wconf 74' lang='lat' dir='ltr'>Sacrorum,</span> <span class='ocrx_word' id='word_1_112' title='bbox 3087 1780 3346 1889; x_wconf 90' lang='lat' dir='ltr'>inquit</span> <span class='ocrx_word' id='word_1_113' title='bbox 3377 1845 3401 1881; x_wconf 87' lang='lat'>,</span> <span class='ocrx_word' id='word_1_114' title='bbox 3459 1788 3619 1893; x_wconf 84' lang='lat' dir='ltr'>ple-</span> 
     </span>
     <span class='ocr_line' id='line_1_14' title="bbox 1018 1892 3625 2011; baseline 0.001 -39"><span class='ocrx_word' id='word_1_115' title='bbox 1018 1920 1243 2005; x_wconf 77' lang='lat' dir='ltr'>raque</span> <span class='ocrx_word' id='word_1_116' title='bbox 1268 1892 1494 1974; x_wconf 82' lang='lat' dir='ltr'>initia</span> <span class='ocrx_word' id='word_1_117' title='bbox 1524 1903 1606 1974; x_wconf 83' lang='lat' dir='ltr'>in</span> <span class='ocrx_word' id='word_1_118' title='bbox 1644 1906 1913 1977; x_wconf 74' lang='lat' dir='ltr'>Graecia</span> <span class='ocrx_word' id='word_1_119' title='bbox 1942 1899 2432 2011; x_wconf 77' lang='lat' dir='ltr'>participavi,</span> <span class='ocrx_word' id='word_1_120' title='bbox 2481 1896 2858 2010; x_wconf 81' lang='lat' dir='ltr'>multijuga</span> <span class='ocrx_word' id='word_1_121' title='bbox 2895 1895 3107 2000; x_wconf 67' lang='lat' dir='ltr'>stura</span> <span class='ocrx_word' id='word_1_122' title='bbox 3158 1903 3244 1981; x_wconf 52' lang='grc' dir='ltr'>(θ’</span> <span class='ocrx_word' id='word_1_123' title='bbox 3272 1896 3625 2007; x_wconf 80' lang='lat' dir='ltr'>plurimos</span> 
     </span>
     <span class='ocr_line' id='line_1_15' title="bbox 1022 2004 3626 2127; baseline -0.002 -40"><span class='ocrx_word' id='word_1_124' title='bbox 1022 2016 1284 2097; x_wconf 60' lang='lat' dir='ltr'>ritus-³,</span> <span class='ocrx_word' id='word_1_125' title='bbox 1336 2018 1590 2092; x_wconf 61' lang='lat' dir='ltr'>varias</span> <span class='ocrx_word' id='word_1_126' title='bbox 1641 2019 2079 2094; x_wconf 72' lang='lat' dir='ltr'>acrimonias</span> <span class='ocrx_word' id='word_1_127' title='bbox 2125 2008 2362 2118; x_wconf 80' lang='lat' dir='ltr'>studio</span> <span class='ocrx_word' id='word_1_128' title='bbox 2415 2020 2480 2085; x_wconf 89' lang='lat' dir='ltr'><em>V</em></span> <span class='ocrx_word' id='word_1_129' title='bbox 2485 2017 2588 2090; x_wconf 76' lang='lat' dir='ltr'>eri</span> <span class='ocrx_word' id='word_1_130' title='bbox 2631 2075 2652 2110; x_wconf 88' lang='lat'><strong>‚</strong></span> <span class='ocrx_word' id='word_1_131' title='bbox 2685 2016 2773 2105; x_wconf 66' lang='lat'><em>&amp;</em></span> <span class='ocrx_word' id='word_1_132' title='bbox 2815 2004 3031 2123; x_wconf 77' lang='lat' dir='ltr'>officio</span> <span class='ocrx_word' id='word_1_133' title='bbox 3063 2035 3227 2127; x_wconf 61' lang='lat' dir='ltr'>‘fga</span> <span class='ocrx_word' id='word_1_134' title='bbox 3271 2026 3457 2093; x_wconf 83' lang='lat' dir='ltr'>Deos</span> <span class='ocrx_word' id='word_1_135' title='bbox 3506 2014 3626 2094; x_wconf 78' lang='lat' dir='ltr'>di..</span> 
     </span>
     <span class='ocr_line' id='line_1_16' title="bbox 1018 2114 3626 2224; baseline 0.001 -23"><span class='ocrx_word' id='word_1_136' title='bbox 1018 2120 1739 2217; x_wconf 70' lang='lat' dir='ltr'>dici.&#39;sacerdotem</span> <span class='ocrx_word' id='word_1_137' title='bbox 1792 2123 2226 2206; x_wconf 73' lang='lat' dir='ltr'>Pro‘vinciae</span> <span class='ocrx_word' id='word_1_138' title='bbox 2275 2119 2564 2203; x_wconf 85' lang='lat' dir='ltr'>Africae</span> <span class='ocrx_word' id='word_1_139' title='bbox 2605 2146 2932 2200; x_wconf 83' lang='lat' dir='ltr'>munera-</span> <span class='ocrx_word' id='word_1_140' title='bbox 2960 2114 3284 2201; x_wconf 74' lang='lat' dir='ltr'>edidisse</span> <span class='ocrx_word' id='word_1_141' title='bbox 3322 2189 3344 2224; x_wconf 86' lang='lat'>,</span> <span class='ocrx_word' id='word_1_142' title='bbox 3390 2131 3626 2206; x_wconf 86' lang='lat' dir='ltr'>&amp;ve-</span> 
     </span>
     <span class='ocr_line' id='line_1_17' title="bbox 1018 2229 3631 2343; baseline -0 -29"><span class='ocrx_word' id='word_1_143' title='bbox 1018 2258 1343 2314; x_wconf 81' lang='lat' dir='ltr'>natores</span> <span class='ocrx_word' id='word_1_144' title='bbox 1370 2235 1754 2314; x_wconf 80' lang='lat' dir='ltr'>vestivisse</span> <span class='ocrx_word' id='word_1_145' title='bbox 1774 2230 2059 2314; x_wconf 23' lang='lat' dir='ltr'>*a‘uctor</span> <span class='ocrx_word' id='word_1_146' title='bbox 2080 2234 2190 2311; x_wconf 87' lang='lat' dir='ltr'>est</span> <span class='ocrx_word' id='word_1_147' title='bbox 2220 2240 2333 2315; x_wconf 88' lang='lat' dir='ltr'>D.</span> <span class='ocrx_word' id='word_1_148' title='bbox 2363 2236 2577 2343; x_wconf 86' lang='lat' dir='ltr'>Aug.</span> <span class='ocrx_word' id='word_1_149' title='bbox 2603 2239 2683 2311; x_wconf 69' lang='grc' dir='ltr'>ὅ(</span> <span class='ocrx_word' id='word_1_150' title='bbox 2715 2229 2870 2341; x_wconf 85' lang='lat' dir='ltr'>ipse</span> <span class='ocrx_word' id='word_1_151' title='bbox 2890 2234 2972 2308; x_wconf 91' lang='lat' dir='ltr'>in</span> <span class='ocrx_word' id='word_1_152' title='bbox 3010 2233 3333 2312; x_wconf 62' lang='lat' dir='ltr'>floridis</span> <span class='ocrx_word' id='word_1_153' title='bbox 3353 2233 3427 2314; x_wconf 85' lang='lat' dir='ltr'>se</span> <span class='ocrx_word' id='word_1_154' title='bbox 3448 2232 3631 2321; x_wconf 85' lang='lat' dir='ltr'>AEs.</span> 
     </span>
     <span class='ocr_line' id='line_1_18' title="bbox 1029 2340 3628 2460; baseline 0.002 -38"><span class='ocrx_word' id='word_1_155' title='bbox 1029 2346 1317 2456; x_wconf 88' lang='lat' dir='ltr'>culapii</span> <span class='ocrx_word' id='word_1_156' title='bbox 1370 2342 1836 2425; x_wconf 83' lang='lat' dir='ltr'>Antistitern</span> <span class='ocrx_word' id='word_1_157' title='bbox 1891 2341 2330 2455; x_wconf 83' lang='lat' dir='ltr'>profitetur.</span> <span class='ocrx_word' id='word_1_158' title='bbox 2402 2342 2412 2351; x_wconf 83' lang='lat'>&#39;</span> <span class='ocrx_word' id='word_1_159' title='bbox 2453 2362 2616 2452; x_wconf 88' lang='lat' dir='ltr'>quo</span> <span class='ocrx_word' id='word_1_160' title='bbox 2690 2340 3036 2454; x_wconf 85' lang='lat' dir='ltr'>pertinet</span> <span class='ocrx_word' id='word_1_161' title='bbox 3102 2345 3330 2452; x_wconf 91' lang='lat' dir='ltr'>-quod</span> <span class='ocrx_word' id='word_1_162' title='bbox 3411 2350 3628 2460; x_wconf 89' lang='lat' dir='ltr'>apud</span> 
     </span>
     <span class='ocr_line' id='line_1_19' title="bbox 1033 2449 3628 2567; baseline -0.002 -30"><span class='ocrx_word' id='word_1_163' title='bbox 1033 2449 1385 2542; x_wconf 83' lang='lat' dir='ltr'>Oeenses</span> <span class='ocrx_word' id='word_1_164' title='bbox 1418 2457 1518 2535; x_wconf 91' lang='lat' dir='ltr'>de</span> <span class='ocrx_word' id='word_1_165' title='bbox 1543 2454 1754 2538; x_wconf 84' lang='lat' dir='ltr'>istius</span> <span class='ocrx_word' id='word_1_166' title='bbox 1796 2458 2174 2543; x_wconf 88' lang='lat' dir='ltr'>Numinis</span> <span class='ocrx_word' id='word_1_167' title='bbox 2222 2452 2625 2565; x_wconf 84' lang='lat' dir='ltr'>majestate</span> <span class='ocrx_word' id='word_1_168' title='bbox 2654 2454 2979 2567; x_wconf 86' lang='lat' dir='ltr'>publice</span> <span class='ocrx_word' id='word_1_169' title='bbox 3031 2454 3628 2562; x_wconf 87' lang='lat' dir='ltr'>disseruit‚ora.-</span> 
     </span>
     <span class='ocr_line' id='line_1_20' title="bbox 1026 2566 3627 2682; baseline 0.001 -32"><span class='ocrx_word' id='word_1_170' title='bbox 1026 2572 1251 2651; x_wconf 90' lang='lat' dir='ltr'>tione</span> <span class='ocrx_word' id='word_1_171' title='bbox 1286 2568 1501 2649; x_wconf 87' lang='lat' dir='ltr'>edita</span> <span class='ocrx_word' id='word_1_172' title='bbox 1545 2569 2188 2676; x_wconf 81' lang='lat' dir='ltr'>commendavit,</span> <span class='ocrx_word' id='word_1_173' title='bbox 2233 2569 2776 2682; x_wconf 87' lang='lat' dir='ltr'>hymnumque</span> <span class='ocrx_word' id='word_1_174' title='bbox 2820 2570 2894 2649; x_wconf 90' lang='lat' dir='ltr'>ei</span> <span class='ocrx_word' id='word_1_175' title='bbox 2938 2566 3363 2656; x_wconf 87' lang='lat' dir='ltr'>dedicavit.</span> <span class='ocrx_word' id='word_1_176' title='bbox 3410 2580 3506 2656; x_wconf 91' lang='lat' dir='ltr'>In</span> <span class='ocrx_word' id='word_1_177' title='bbox 3539 2576 3627 2654; x_wconf 91' lang='lat' dir='ltr'>li-</span> 
     </span>
     <span class='ocr_line' id='line_1_21' title="bbox 1014 2682 3628 2795; baseline -0.001 -27"><span class='ocrx_word' id='word_1_178' title='bbox 1014 2685 1179 2768; x_wconf 83' lang='lat' dir='ltr'>bro</span> <span class='ocrx_word' id='word_1_179' title='bbox 1259 2688 1345 2765; x_wconf 86' lang='lat' dir='ltr'>de</span> <span class='ocrx_word' id='word_1_180' title='bbox 1404 2699 1559 2763; x_wconf 86' lang='lat' dir='ltr'>Deo</span> <span class='ocrx_word' id='word_1_181' title='bbox 1616 2695 1979 2789; x_wconf 69' lang='lat' dir='ltr'>socratis,</span> <span class='ocrx_word' id='word_1_182' title='bbox 2053 2710 2247 2763; x_wconf 82' lang='lat' dir='ltr'>cum</span> <span class='ocrx_word' id='word_1_183' title='bbox 2271 2702 2282 2707; x_wconf 42' lang='lat'>·*</span> <span class='ocrx_word' id='word_1_184' title='bbox 2332 2682 2710 2762; x_wconf 86' lang='lat' dir='ltr'>variarum</span> <span class='ocrx_word' id='word_1_185' title='bbox 2774 2683 3131 2795; x_wconf 77' lang='lat' dir='ltr'>gentium</span> <span class='ocrx_word' id='word_1_186' title='bbox 3194 2687 3628 2794; x_wconf 83' lang='lat' dir='ltr'>peculiares</span> 
     </span>
     <span class='ocr_line' id='line_1_22' title="bbox 1027 2791 3632 2913; baseline 0 -34"><span class='ocrx_word' id='word_1_187' title='bbox 1027 2802 1258 2883; x_wconf 85' lang='lat' dir='ltr'>Deos</span> <span class='ocrx_word' id='word_1_188' title='bbox 1290 2792 2361 2909; x_wconf 77' lang='lat' dir='ltr'>recensuiflet,AEsculapium</span> <span class='ocrx_word' id='word_1_189' title='bbox 2405 2791 2701 2906; x_wconf 90' lang='lat' dir='ltr'>ubique</span> <span class='ocrx_word' id='word_1_190' title='bbox 2746 2792 2904 2873; x_wconf 84' lang='lat' dir='ltr'>c&#39;oli</span> <span class='ocrx_word' id='word_1_191' title='bbox 2945 2794 3212 2896; x_wconf 86' lang='lat' dir='ltr'>addit,</span> <span class='ocrx_word' id='word_1_192' title='bbox 3246 2820 3632 2913; x_wconf 83' lang='lat' dir='ltr'>tanquam</span> 
     </span>
     <span class='ocr_line' id='line_1_23' title="bbox 1026 2901 3631 3023; baseline -0 -29"><span class='ocrx_word' id='word_1_193' title='bbox 1026 2912 1254 3021; x_wconf 86' lang='lat' dir='ltr'>hujus</span> <span class='ocrx_word' id='word_1_194' title='bbox 1297 2936 1594 2994; x_wconf 88' lang='lat' dir='ltr'>numen</span> <span class='ocrx_word' id='word_1_195' title='bbox 1646 2912 2086 3023; x_wconf 80' lang='lat' dir='ltr'>praeclarius</span> <span class='ocrx_word' id='word_1_196' title='bbox 2136 2905 2467 3018; x_wconf 76' lang='lat' dir='ltr'>refer-ret</span> <span class='ocrx_word' id='word_1_197' title='bbox 2525 2975 2549 3011; x_wconf 79' lang='lat'>,</span> <span class='ocrx_word' id='word_1_198' title='bbox 2623 2913 2749 2988; x_wconf 91' lang='lat' dir='ltr'>cui</span> <span class='ocrx_word' id='word_1_199' title='bbox 2801 2901 2879 2986; x_wconf 88' lang='lat' dir='ltr'>se</span> <span class='ocrx_word' id='word_1_200' title='bbox 2929 2909 3007 2985; x_wconf 89' lang='lat' dir='ltr'>in</span> <span class='ocrx_word' id='word_1_201' title='bbox 3044 2911 3306 3020; x_wconf 85' lang='lat' dir='ltr'>primis</span> <span class='ocrx_word' id='word_1_202' title='bbox 3361 2912 3631 2993; x_wconf 85' lang='lat' dir='ltr'>conse-</span> 
     </span>
     <span class='ocr_line' id='line_1_24' title="bbox 1026 3018 3638 3137; baseline 0 -34"><span class='ocrx_word' id='word_1_203' title='bbox 1026 3047 1309 3106; x_wconf 81' lang='lat' dir='ltr'>crarat.</span> <span class='ocrx_word' id='word_1_204' title='bbox 1362 3027 1589 3109; x_wconf 79' lang='lat' dir='ltr'>Nam</span> <span class='ocrx_word' id='word_1_205' title='bbox 1634 3019 2412 3137; x_wconf 79' lang='lat' dir='ltr'>Carthaginiensium</span> <span class='ocrx_word' id='word_1_206' title='bbox 2441 3027 2674 3106; x_wconf 87' lang='lat' dir='ltr'>Deos</span> <span class='ocrx_word' id='word_1_207' title='bbox 2707 3020 3135 3133; x_wconf 80' lang='lat' dir='ltr'>religiosius</span> <span class='ocrx_word' id='word_1_208' title='bbox 3179 3018 3251 3102; x_wconf 88' lang='lat' dir='ltr'>se</span> <span class='ocrx_word' id='word_1_209' title='bbox 3275 3027 3638 3107; x_wconf 80' lang='lat' dir='ltr'>venerari</span> 
     </span>
     <span class='ocr_line' id='line_1_25' title="bbox 1020 3133 3631 3250; baseline -0 -30"><span class='ocrx_word' id='word_1_210' title='bbox 1020 3139 1183 3244; x_wconf 77' lang='lat' dir='ltr'>ait5</span> <span class='ocrx_word' id='word_1_211' title='bbox 1218 3134 1533 3223; x_wconf 82' lang='lat' dir='ltr'>AEfeula</span> <span class='ocrx_word' id='word_1_212' title='bbox 1598 3141 1709 3219; x_wconf 86' lang='lat' dir='ltr'>ius</span> <span class='ocrx_word' id='word_1_213' title='bbox 1751 3167 1939 3220; x_wconf 89' lang='lat' dir='ltr'>vero</span> <span class='ocrx_word' id='word_1_214' title='bbox 1983 3141 2314 3221; x_wconf 88' lang='lat' dir='ltr'>Numen</span> <span class='ocrx_word' id='word_1_215' title='bbox 2350 3133 2662 3214; x_wconf 84' lang='lat' dir='ltr'>illorum</span> <span class='ocrx_word' id='word_1_216' title='bbox 2692 3134 3021 3215; x_wconf 85' lang='lat' dir='ltr'>tutelare</span> <span class='ocrx_word' id='word_1_217' title='bbox 3066 3141 3148 3216; x_wconf 69' lang='grc' dir='ltr'>ὃ(</span> <span class='ocrx_word' id='word_1_218' title='bbox 3179 3140 3578 3250; x_wconf 87' lang='lat' dir='ltr'>proprium</span> <span class='ocrx_word' id='word_1_219' title='bbox 3607 3203 3631 3239; x_wconf 88' lang='lat'>,</span> 
     </span>
     <span class='ocr_line' id='line_1_26' title="bbox 1016 3243 3637 3360; baseline -0.005 -27"><span class='ocrx_word' id='word_1_220' title='bbox 1016 3273 1228 3334; x_wconf 80' lang='lat' dir='ltr'>utex</span> <span class='ocrx_word' id='word_1_221' title='bbox 1248 3250 1526 3332; x_wconf 91' lang='lat' dir='ltr'>Tertul</span> <span class='ocrx_word' id='word_1_222' title='bbox 1564 3257 1748 3332; x_wconf 86' lang='lat' dir='ltr'>iano</span> <span class='ocrx_word' id='word_1_223' title='bbox 1775 3259 1853 3334; x_wconf 71' lang='grc' dir='ltr'>ὃ(</span> <span class='ocrx_word' id='word_1_224' title='bbox 1876 3251 2041 3329; x_wconf 86' lang='lat' dir='ltr'>aliis</span> <span class='ocrx_word' id='word_1_225' title='bbox 2075 3269 2317 3360; x_wconf 88' lang='lat' dir='ltr'>patet.</span> <span class='ocrx_word' id='word_1_226' title='bbox 2350 3246 2442 3329; x_wconf 87' lang='lat' dir='ltr'>Ifi</span> <span class='ocrx_word' id='word_1_227' title='bbox 2472 3250 2556 3326; x_wconf 77' lang='lat' dir='ltr'>·is</span> <span class='ocrx_word' id='word_1_228' title='bbox 2580 3250 3112 3348; x_wconf 81' lang='lat' dir='ltr'>in·Graecia,&amp;</span> <span class='ocrx_word' id='word_1_229' title='bbox 3145 3243 3426 3333; x_wconf 65' lang='lat' dir='ltr'>Romze</span> <span class='ocrx_word' id='word_1_230' title='bbox 3450 3243 3637 3337; x_wconf 83' lang='lat' dir='ltr'>Ofi-</span> 
     </span>
     <span class='ocr_line' id='line_1_27' title="bbox 1026 3356 3633 3472; baseline -0 -26"><span class='ocrx_word' id='word_1_231' title='bbox 1026 3367 1211 3446; x_wconf 80' lang='lat' dir='ltr'>ridis</span> <span class='ocrx_word' id='word_1_232' title='bbox 1244 3358 1472 3442; x_wconf 77' lang='lat' dir='ltr'>sacris</span> <span class='ocrx_word' id='word_1_233' title='bbox 1507 3365 1855 3445; x_wconf 87' lang='lat' dir='ltr'>initiatus</span> <span class='ocrx_word' id='word_1_234' title='bbox 1889 3362 2003 3443; x_wconf 91' lang='lat' dir='ltr'>est</span> <span class='ocrx_word' id='word_1_235' title='bbox 2022 3426 2049 3462; x_wconf 3' lang='lat' dir='ltr'>N,</span> <span class='ocrx_word' id='word_1_236' title='bbox 2073 3359 2301 3442; x_wconf 82' lang='lat' dir='ltr'>ubi&amp;</span> <span class='ocrx_word' id='word_1_237' title='bbox 2346 3356 2791 3472; x_wconf 84' lang='lat' dir='ltr'>segregatus</span> <span class='ocrx_word' id='word_1_238' title='bbox 2831 3359 2934 3437; x_wconf 88' lang='lat' dir='ltr'>ab</span> <span class='ocrx_word' id='word_1_239' title='bbox 2967 3358 3130 3436; x_wconf 87' lang='lat' dir='ltr'>aliis</span> <span class='ocrx_word' id='word_1_240' title='bbox 3153 3423 3177 3459; x_wconf 81' lang='lat'>,</span> <span class='ocrx_word' id='word_1_241' title='bbox 3205 3369 3285 3442; x_wconf 83' lang='lat'>&amp;</span> <span class='ocrx_word' id='word_1_242' title='bbox 3310 3364 3391 3440; x_wconf 87' lang='lat' dir='ltr'>in</span> <span class='ocrx_word' id='word_1_243' title='bbox 3434 3367 3633 3445; x_wconf 85' lang='lat' dir='ltr'>Col-</span> 
     </span>
     <span class='ocr_line' id='line_1_28' title="bbox 1022 3467 3629 3590; baseline 0.001 -35"><span class='ocrx_word' id='word_1_244' title='bbox 1022 3479 1212 3590; x_wconf 73' lang='lat' dir='ltr'>legii</span> <span class='ocrx_word' id='word_1_245' title='bbox 1272 3475 1489 3557; x_wconf 84' lang='lat' dir='ltr'>Ifiaci</span> <span class='ocrx_word' id='word_1_246' title='bbox 1532 3474 2071 3589; x_wconf 82' lang='lat' dir='ltr'>Postophoros</span> <span class='ocrx_word' id='word_1_247' title='bbox 2120 3493 2539 3584; x_wconf 89' lang='lat' dir='ltr'>cooptatus</span> <span class='ocrx_word' id='word_1_248' title='bbox 2571 3537 2597 3573; x_wconf 83' lang='lat'>‚</span> <span class='ocrx_word' id='word_1_249' title='bbox 2648 3467 3036 3550; x_wconf 81' lang='lat' dir='ltr'>sacrorum</span> <span class='ocrx_word' id='word_1_250' title='bbox 3081 3474 3349 3550; x_wconf 84' lang='lat' dir='ltr'>munia</span> <span class='ocrx_word' id='word_1_251' title='bbox 3400 3474 3629 3562; x_wconf 89' lang='lat' dir='ltr'>obiit.</span> 
     </span>
     <span class='ocr_line' id='line_1_29' title="bbox 1029 3579 3636 3703; baseline 0.001 -34"><span class='ocrx_word' id='word_1_252' title='bbox 1029 3590 1498 3703; x_wconf 80' lang='lat' dir='ltr'>Dignitates</span> <span class='ocrx_word' id='word_1_253' title='bbox 1536 3612 1799 3669; x_wconf 88' lang='lat' dir='ltr'>autem</span> <span class='ocrx_word' id='word_1_254' title='bbox 1833 3588 1989 3669; x_wconf 82' lang='lat' dir='ltr'>istae</span> <span class='ocrx_word' id='word_1_255' title='bbox 2015 3595 2098 3668; x_wconf 70' lang='grc' dir='ltr'>ὃ(</span> <span class='ocrx_word' id='word_1_256' title='bbox 2143 3584 2443 3664; x_wconf 81' lang='lat' dir='ltr'>eximia:</span> <span class='ocrx_word' id='word_1_257' title='bbox 2479 3585 2934 3664; x_wconf 83' lang='lat' dir='ltr'>eruditionis</span> <span class='ocrx_word' id='word_1_258' title='bbox 2971 3579 3184 3662; x_wconf 86' lang='lat' dir='ltr'>fama</span> <span class='ocrx_word' id='word_1_259' title='bbox 3235 3588 3494 3665; x_wconf 85' lang='lat' dir='ltr'>varios</span> <span class='ocrx_word' id='word_1_260' title='bbox 3523 3590 3636 3671; x_wconf 79' lang='lat' dir='ltr'>illi</span> 
     </span>
     <span class='ocr_line' id='line_1_30' title="bbox 1022 3694 3637 3809; baseline -0.001 -25"><span class='ocrx_word' id='word_1_261' title='bbox 1022 3707 1109 3784; x_wconf 74' lang='lat' dir='ltr'>in</span> <span class='ocrx_word' id='word_1_262' title='bbox 1131 3699 1443 3783; x_wconf 85' lang='lat' dir='ltr'>diverfis</span> <span class='ocrx_word' id='word_1_263' title='bbox 1465 3701 1917 3783; x_wconf 86' lang='lat' dir='ltr'>civitatibus</span> <span class='ocrx_word' id='word_1_264' title='bbox 1937 3698 2356 3780; x_wconf 90' lang='lat' dir='ltr'>statuarum</span> <span class='ocrx_word' id='word_1_265' title='bbox 2385 3694 2741 3776; x_wconf 88' lang='lat' dir='ltr'>honores.</span> <span class='ocrx_word' id='word_1_266' title='bbox 2764 3719 3258 3809; x_wconf 73' lang='lat' dir='ltr'>pepererunt.</span> <span class='ocrx_word' id='word_1_267' title='bbox 3295 3699 3637 3807; x_wconf 83' lang='lat' dir='ltr'>Cartha..</span> 
     </span>
     <span class='ocr_line' id='line_1_31' title="bbox 1024 3806 3633 3931; baseline 0 -34"><span class='ocrx_word' id='word_1_268' title='bbox 1024 3821 1196 3931; x_wconf 81' lang='lat' dir='ltr'>gini</span> <span class='ocrx_word' id='word_1_269' title='bbox 1233 3840 1334 3895; x_wconf 72' lang='lat' dir='ltr'>ex</span> <span class='ocrx_word' id='word_1_270' title='bbox 1375 3815 1703 3894; x_wconf 84' lang='lat' dir='ltr'>dec-reto</span> <span class='ocrx_word' id='word_1_271' title='bbox 1756 3808 2331 3928; x_wconf 84' lang='lat' dir='ltr'>splendidiffimi</span> <span class='ocrx_word' id='word_1_272' title='bbox 2370 3812 2670 3898; x_wconf 89' lang='lat' dir='ltr'>ordinis</span> <span class='ocrx_word' id='word_1_273' title='bbox 2719 3809 2969 3893; x_wconf 84' lang='lat' dir='ltr'>statua</span> <span class='ocrx_word' id='word_1_274' title='bbox 3012 3806 3136 3890; x_wconf 84' lang='lat' dir='ltr'>est&#39;</span> <span class='ocrx_word' id='word_1_275' title='bbox 3175 3809 3284 3889; x_wconf 86' lang='lat' dir='ltr'>illi</span> <span class='ocrx_word' id='word_1_276' title='bbox 3339 3810 3633 3898; x_wconf 84' lang='lat' dir='ltr'>locata.</span> 
     </span>
     <span class='ocr_line' id='line_1_32' title="bbox 1024 3920 3640 4039; baseline -0.003 -24"><span class='ocrx_word' id='word_1_277' title='bbox 1024 3935 1233 4016; x_wconf 82' lang='lat' dir='ltr'>Oeae</span> <span class='ocrx_word' id='word_1_278' title='bbox 1268 3950 1592 4039; x_wconf 85' lang='lat' dir='ltr'>quoque</span> <span class='ocrx_word' id='word_1_279' title='bbox 1636 3926 1972 4008; x_wconf 81' lang='lat' dir='ltr'>statuam</span> <span class='ocrx_word' id='word_1_280' title='bbox 2014 3920 2356 4034; x_wconf 80' lang='lat' dir='ltr'>Apuleio</span> <span class='ocrx_word' id='word_1_281' title='bbox 2412 3926 2747 4007; x_wconf 60' lang='lat' dir='ltr'>erediam</span> <span class='ocrx_word' id='word_1_282' title='bbox 2777 3989 2800 4028; x_wconf 83' lang='lat'>,</span> <span class='ocrx_word' id='word_1_283' title='bbox 2835 3920 3024 4002; x_wconf 90' lang='lat' dir='ltr'>licet</span> <span class='ocrx_word' id='word_1_284' title='bbox 3077 3923 3282 4003; x_wconf 80' lang='lat' dir='ltr'>cives</span> <span class='ocrx_word' id='word_1_285' title='bbox 3325 3922 3640 4036; x_wconf 88' lang='lat' dir='ltr'>aliquot</span> 
     </span>
     <span class='ocr_line' id='line_1_33' title="bbox 1023 4031 3636 4145; baseline -0.005 -15"><span class='ocrx_word' id='word_1_286' title='bbox 1023 4045 1386 4130; x_wconf 80' lang='lat' dir='ltr'>Oeenses</span> <span class='ocrx_word' id='word_1_287' title='bbox 1424 4041 2068 4137; x_wconf 80' lang='lat' dir='ltr'>intercederent,</span> <span class='ocrx_word' id='word_1_288' title='bbox 2100 4037 2211 4120; x_wconf 91' lang='lat' dir='ltr'>D.</span> <span class='ocrx_word' id='word_1_289' title='bbox 2264 4043 2472 4145; x_wconf 86' lang='lat' dir='ltr'>Aug.</span> <span class='ocrx_word' id='word_1_290' title='bbox 2522 4031 2787 4117; x_wconf 84' lang='lat' dir='ltr'>refe&#39;rt.</span> <span class='ocrx_word' id='word_1_291' title='bbox 2836 4034 2922 4111; x_wconf 89' lang='lat' dir='ltr'>N</span> <span class='ocrx_word' id='word_1_292' title='bbox 2932 4061 3039 4113; x_wconf 88' lang='lat' dir='ltr'>on</span> <span class='ocrx_word' id='word_1_293' title='bbox 3074 4038 3336 4144; x_wconf 83' lang='lat' dir='ltr'>potuit</span> <span class='ocrx_word' id='word_1_294' title='bbox 3364 4062 3636 4118; x_wconf 85' lang='lat' dir='ltr'>autem</span> 
     </span>
     <span class='ocr_line' id='line_1_34' title="bbox 1022 4146 3635 4259; baseline -0.007 -21"><span class='ocrx_word' id='word_1_295' title='bbox 1022 4156 1111 4238; x_wconf 77' lang='lat' dir='ltr'>in</span> <span class='ocrx_word' id='word_1_296' title='bbox 1136 4176 1363 4236; x_wconf 79' lang='lat' dir='ltr'>tanta</span> <span class='ocrx_word' id='word_1_297' title='bbox 1385 4155 1731 4233; x_wconf 83' lang='lat' dir='ltr'>nominis</span> <span class='ocrx_word' id='word_1_298' title='bbox 1753 4150 2222 4234; x_wconf 86' lang='lat' dir='ltr'>celebritate</span> <span class='ocrx_word' id='word_1_299' title='bbox 2245 4212 2269 4248; x_wconf 80' lang='lat'>,</span> <span class='ocrx_word' id='word_1_300' title='bbox 2292 4149 2531 4224; x_wconf 85' lang='lat' dir='ltr'>tantis</span> <span class='ocrx_word' id='word_1_301' title='bbox 2560 4149 2800 4225; x_wconf 82' lang='lat' dir='ltr'>animi</span> <span class='ocrx_word' id='word_1_302' title='bbox 2825 4146 3052 4225; x_wconf 89' lang='lat' dir='ltr'>bonis</span> <span class='ocrx_word' id='word_1_303' title='bbox 3071 4210 3099 4246; x_wconf 85' lang='lat'>‚</span> <span class='ocrx_word' id='word_1_304' title='bbox 3125 4167 3285 4224; x_wconf 84' lang='lat' dir='ltr'>tam</span> <span class='ocrx_word' id='word_1_305' title='bbox 3313 4150 3635 4259; x_wconf 73' lang='lat' dir='ltr'>praecla-</span> 
     </span>
     <span class='ocr_line' id='line_1_35' title="bbox 1016 4253 3642 4379; baseline -0.003 -27"><span class='ocrx_word' id='word_1_306' title='bbox 1016 4268 1735 4379; x_wconf 70' lang='lat' dir='ltr'>rado&amp;rina,quin</span> <span class='ocrx_word' id='word_1_307' title='bbox 1776 4265 2152 4377; x_wconf 78' lang='lat' dir='ltr'>plurimos</span> <span class='ocrx_word' id='word_1_308' title='bbox 2199 4261 2500 4338; x_wconf 87' lang='lat' dir='ltr'>amicos</span> <span class='ocrx_word' id='word_1_309' title='bbox 2548 4253 3400 4371; x_wconf 75' lang='lat' dir='ltr'>reperiretzpraesertim</span> <span class='ocrx_word' id='word_1_310' title='bbox 3453 4289 3642 4352; x_wconf 86' lang='lat' dir='ltr'>cum</span> 
     </span>
     <span class='ocr_line' id='line_1_36' title="bbox 990 4369 3634 4490; baseline -0.003 -26"><span class='ocrx_word' id='word_1_311' title='bbox 990 4383 1464 4464; x_wconf 33' lang='lat' dir='ltr'>*multorum</span> <span class='ocrx_word' id='word_1_312' title='bbox 1517 4381 1769 4465; x_wconf 88' lang='lat' dir='ltr'>studia</span> <span class='ocrx_word' id='word_1_313' title='bbox 1807 4376 2075 4490; x_wconf 84' lang='lat' dir='ltr'>paffim</span> <span class='ocrx_word' id='word_1_314' title='bbox 2130 4376 2437 4485; x_wconf 75' lang='lat' dir='ltr'>juvaret</span> <span class='ocrx_word' id='word_1_315' title='bbox 2482 4378 2639 4484; x_wconf 73' lang='lat' dir='ltr'>qua</span> <span class='ocrx_word' id='word_1_316' title='bbox 2687 4369 3023 4484; x_wconf 87' lang='lat' dir='ltr'>publicis</span> <span class='ocrx_word' id='word_1_317' title='bbox 3072 4370 3634 4455; x_wconf 81' lang='lat' dir='ltr'>differtationi-</span> 
     </span>
     <span class='ocr_line' id='line_1_37' title="bbox 1018 4481 3638 4605; baseline -0.002 -29"><span class='ocrx_word' id='word_1_318' title='bbox 1018 4493 1400 4605; x_wconf 57' lang='lat' dir='ltr'>bus5qua</span> <span class='ocrx_word' id='word_1_319' title='bbox 1438 4481 1671 4574; x_wconf 80' lang='lat' dir='ltr'>e‘ditis</span> <span class='ocrx_word' id='word_1_320' title='bbox 1707 4491 2009 4603; x_wconf 88' lang='lat' dir='ltr'>ingenii</span> <span class='ocrx_word' id='word_1_321' title='bbox 2070 4484 2176 4569; x_wconf 88' lang='lat' dir='ltr'>sui</span> <span class='ocrx_word' id='word_1_322' title='bbox 2228 4488 2789 4570; x_wconf 86' lang='lat' dir='ltr'>monumentis.</span> <span class='ocrx_word' id='word_1_323' title='bbox 2845 4486 3041 4564; x_wconf 90' lang='lat' dir='ltr'>Inde</span> <span class='ocrx_word' id='word_1_324' title='bbox 3102 4482 3215 4566; x_wconf 82' lang='lat' dir='ltr'>est</span> <span class='ocrx_word' id='word_1_325' title='bbox 3260 4488 3478 4596; x_wconf 86' lang='lat' dir='ltr'>quod</span> <span class='ocrx_word' id='word_1_326' title='bbox 3530 4491 3638 4571; x_wconf 80' lang='lat' dir='ltr'>ad</span> 
     </span>
     <span class='ocr_line' id='line_1_38' title="bbox 1018 4595 3637 4723; baseline -0 -37"><span class='ocrx_word' id='word_1_327' title='bbox 1018 4610 1483 4723; x_wconf 71' lang='lat' dir='ltr'>Scipionem</span> <span class='ocrx_word' id='word_1_328' title='bbox 1525 4605 1967 4717; x_wconf 85' lang='lat' dir='ltr'>Orphitum</span> <span class='ocrx_word' id='word_1_329' title='bbox 2004 4597 2302 4683; x_wconf 73' lang='lat' dir='ltr'>Africae</span> <span class='ocrx_word' id='word_1_330' title='bbox 2337 4600 2663 4684; x_wconf 77' lang='lat' dir='ltr'>Procos,</span> <span class='ocrx_word' id='word_1_331' title='bbox 2718 4595 3069 4714; x_wconf 70' lang='lat' dir='ltr'>scribere</span> <span class='ocrx_word' id='word_1_332' title='bbox 3091 4624 3259 4679; x_wconf 85' lang='lat' dir='ltr'>non</span> <span class='ocrx_word' id='word_1_333' title='bbox 3296 4622 3637 4688; x_wconf 76' lang='lat' dir='ltr'>veretur.</span> 
     </span>
    </p>
   </div>
  </div>
 </body>
</html>
