4087 5702
408 566 884 697 ·desperatis
921 570 1279 687 exposita
1323 579 1405 653 δι
1455 571 1721 652 relicta
1766 634 1789 671 ‚
1830 597 2003 680 quae
2053 595 2325 651 tamen
2381 570 2610 652 facile
2636 557 3057 669 '‘emenda-

467 677 667 780 bunt
719 689 1003 805 quibus
1057 689 1138 766 in
1187 686 1623 765 divinando
1671 684 1980 763 felicior
2035 685 2340 767 Genius
2383 686 2682 769 addicit
2714 755 2737 789 ,
2791 716 2926 776 aut
2976 705 3060 784 in

464 811 825 892 eruendis
895 800 1112 887 libris
1173 798 1500 879 fortuna
1560 799 1980 908 benignior
2021 804 2265 912 magis
2309 798 2547 885 favet.
2632 806 3066 918 AEquiores

424 925 695 1005 *nobis
734 939 965 1001 erunt
999 981 1022 1017 ,
1087 937 1242 991 nec
1287 907 1660 991 invidiosa
1715 910 2116 992 calumnia
2171 908 2662 1024 diligentiam
2716 924 3068 1008 nostram

458 1027 1159 1140 different,-qubd
1182 1044 1317 1104 aut
1360 1017 1661 1102 felicius
1695 1023 1774 1101 in
1817 1023 1934 1103 his
1988 1024 2261 1106 litteris
2313 1026 2633 1129 versari,
2668 1056 2805 1113 aut
2836 1042 3070 1148 proli-

459 1153 664 1228 xiori
713 1147 893 1225 otio
935 1143 1055 1223 uti
1101 1138 1462 1249 contigit.
1506 1132 1669 1216 hoc
1720 1157 1986 1215 tamen
2038 1136 2296 1248 palam
2337 1140 2691 1249 profiteri
2731 1175 2898 1226 non
2932 1177 3066 1232 ve·

455 1263 712 1342 rebor
742 1314 768 1350 ,
812 1255 863 1337 si
896 1257 1028 1336 alii
1070 1275 1340 1363 parem
1382 1273 1704 1362 operam
1753 1248 2098 1360 Apuleio
2143 1249 2487 1334 locarint
2530 1319 2554 1354 ,
2586 1254 2936 1340 futurum
2979 1288 3069 1346 ut

460 1378 783 1487 penitus
824 1368 1286 1448 emendatus
1350 1371 1432 1443 &
1503 1367 2003 1475 incorruptus
2063 1366 2172 1448 sit.
2239 1367 2649 1455 Caeteri‘im
2719 1399 2880 1454 non
2938 1404 3073 1460 me

466 1488 682 1600 fugit
734 1483 1194 1561 damnatum
1248 1472 1683 1586 Apuleium
1748 1484 1829 1558 &
1891 1477 2136 1589 vulgo
2202 1474 2558 1562 invisum.
2629 1483 2876 1567 Certe
2923 1483 3067 1572 sub

454 1593 905 1711 graviffimo
948 1589 1222 1701 elogio
1286 1583 1908 1700 proscripserunt
1980 1586 2242 1670 nescio
2298 1593 2433 1703 qui
2488 1590 2991 1712 ludimagistri
3042 1671 3072 1710 ,

452 1709 823 1821 cymbala
865 1706 1227 1788 fanaticae
1281 1709 1364 1784 ὃ(
1418 1695 1739 1781 ebriosa:
1778 1700 2208 1808 juventutis
2239 1768 2262 1802 ,
2316 1704 2597 1816 quibus
2647 1713 3061 1826 ninilpul-

448 1849 678 1904 crum
717 1843 857 1901 aut
910 1818 1254 1932 probum
1291 1879 1309 1915 ,
1344 1814 1479 1894 nisi
1528 1813 1748 1923 quod
1790 1815 2010 1896 humi
2073 1811 2409 1928 serperet
2441 1877 2463 1910 ,
2520 1822 2741 1929 quod
2791 1834 3064 1937 pau-cis

444 1927 961 2051 scriptoribus
1002 1930 1457 2041 usurpatum
1489 1933 1632 2006 :ex
1685 1927 1967 2036 quibus
2003 1925 2373 2010 mendosa
2422 1958 2594 2041 quae
2664 1941 3057 2023 ue&vul-

410 2064 679 2158 garia
728 2049 829 2130 ad
866 2044 1336 2126 imitandum
1383 2040 1740 2152 seligunt.
1783 2041 1979 2120 Inde
2022 2067 2203 2121 cum
2242 2043 2562 2125 illorum
2644 2054 2897 2162 cripta
2941 2077 3062 2135 at-

440 2164 781 2272 ‘tigeriS‚
815 2156 1039 2241 simul
1079 2153 1653 2235 commiseratio
1708 2176 1849 2233 aut
1895 2148 2209 2231 somnus
2251 2154 2576 2267 obrepit
2621 2216 2646 2251 ,
2693 2188 2839 2243 nec
2889 2162 3066 2249 sane

460 2280 747 2352 mirum
792 2269 1249 2383 fastidientis
1282 2263 1663 2345 stomachi
1708 2265 1875 2343 ilfos
1928 2260 2082 2344 effe
2115 2325 2137 2355 ,
2167 2291 2367 2374 quos
2428 2272 2838 2375 peritiores
2885 2303 3060 2360 cen.

424 2376 616 2463 scas
656 2380 1186 2463 comissatores
1212 2442 1236 2480 ‚
1262 2403 1498 2488 quam
1559 2398 1968 2457 oratorum
2010 2375 2356 2476 judices:
2399 2379 2738 2488 ideoque
2780 2412 3062 2474 eorum

408 2491 868 2578 -sententias
912 2498 960 2574 ii
1016 2488 1156 2571 soli
1196 2513 1702 2604 receperunt,
1726 2514 1927 2601 quos
1977 2515 2076 2570 ex
2126 2492 2449 2604 crapula
2483 2492 2774 2578 heluco
2801 2523 3060 2583 arten.

451 2630 667 2690 tatos
730 2617 810 2693 &
858 2603 1334 2718 semisopitos
1395 2604 1985 2715 deprehendam·
2027 2599 2300 2686 sobriis
2355 2628 2549 2687 vero
2590 2634 2753 2688 non
2808 2618 3062 2726 magis>

410 2720 1240 2832 -obhaeserunt,quam
1285 2716 1757 2800 helluonum
1811 2721 2089 2799 ruerus.
2126 2719 2433 2801 Dicant
2488 2745 2697 2799 nunc
2754 2728 2848 2801 in*
2897 2732 3056 2838 pri-

416 2838 641 2940 παῖε,
671 2836 723 2918 si
760 2830 1067 2950 possunt
1106 2827 1394 2914 diserte
1420 2896 1450 2933 Α,
1495 2857 1599 2911 an
1649 2831 1819 2941 quis
1880 2856 2063 2911 uam
2105 2830 2206 2912 ab
2255 2831 2844 2915 Antoninorum
2889 2867 3066 2921 aevo·

444 2951 917 3062 extitit‚qui
962 2943 1307 3062 Apuleio
1349 2946 1795 3056 comparari
1868 2944 2221 3027 ustineat.
2259 2947 2843 3059 certereliquis·
2878 2979 3056 3038 orn-

448 3062 677 3145 nibus
727 3063 1053 3146 abstulit
1089 3085 1382 3141 nomen
1405 3121 1432 3161 ,
1456 3052 1707 3140 &suat
1742 3058 2115 3138 claritatis
2161 3057 2475 3171 fulgore
2508 3062 2869 3144 tenebras
2911 3067 3059 3148 ob-

406 3233 413 3246 «
451 3177 701 3257 duxit.
725 3175 1003 3296 Qdm
1043 3174 1494 3288 eleganter,
1529 3172 1765 3281 quam
1817 3176 2066 3282 perite
2128 3171 2719 3283 Philosophiam
2766 3181 3053 3266 tradit!

410 3311 841 3397 -quantum
887 3313 1241 3369 acumenv
1270 3285 1824 3367 sententiarum
1856 3313 1871 3365 ε
1908 3307 2081 3389 quae
2122 3278 2495 3363 festivitas
2534 3309 3050 3395 argumento..

444 3426 672 3487 rum!
716 3424 805 3484 ut
845 3425 1147 3484 taceam
1184 3393 1562 3511 nugarum
1622 3394 1831 3477 hanc
1883 3392 2197 3475 lancem
2238 3393 2651 3475 conditam
2698 3404 3044 3510 antiqua:

451 3519 536 3596 δὲ
583 3542 747 3597 non
794 3517 1156 3629 protritae
1225 3514 1597 3593 doetrinae
1658 3504 1892 3590 succo
1941 3555 1977 3615 5·
2016 3509 2189 3619 quis
2240 3510 2581 3619 denique
2633 3513 2710 3589 in
2768 3512 3043 3599 difflo-

428 3650 552 3706 .ne
597 3628 812 3739 lepos
840 3700 862 3734 ,
890 3629 1288 3743 perpetuis
1327 3624 1797 3726 imaginibus
1833 3616 2148 3733 aspersis
2180 3686 2200 3721 ,
2246 3624 2563 3703 amoena
2605 3630 2685 3708 ὅ(
2720 3623 3056 3718 florida!

460 3737 615 3817 Sed
675 3745 1062 3823 redundat
1108 3761 1348 3850 atque
1400 3734 1837 3819 effunditur
1897 3736 2148 3815 libero
2213 3739 2441 3815 nimis
2508 3735 2762 3820 fluxu.
2802 3739 3058 3824 habes

402 3897 409 3902 ·
451 3850 679 3964 quod
721 3855 1238 3966 reprehendas
1267 3917 1289 3954 ,
1329 3870 1413 3928 at
1453 3852 1703 3957 copiae
1752 3852 2026 3925 vitium
2077 3853 2256 3929 erit.
2321 3849 2780 3930 admiranda
2829 3861 3047 3937 enim

442 3969 525 4047 in
568 3966 1040 4076 explicando
1087 3961 1452 4048 facundia
1492 3971 1568 4040 ὃ(
1611 3961 1974 4068 perennis
2030 3959 2209 4036 fons
2259 3961 2659 4045 ubertatis.
2711 3964 2824 4042 At
2885 3993 3059 4049 ver..

441 4080 562 4164 bis
585 4080 941 4162 audax&
967 4079 1389 4160 obsoletus.
1409 4072 1834 4180 utrobique
1856 4089 2125 4148 tamen
2152 4069 2355 4150 felix.
2384 4081 2563 4148 nam
2589 4097 2765 4181 quae
2784 4101 2878 4155 ex
2905 4103 3042 4189 pe.

442 4218 549 4272 nu
592 4192 759 4300 ejus
800 4195 1047 4306 p'etita
1095 4191 1460 4274 videntur
1506 4254 1529 4289 ,
1565 4180 1881 4266 excusat
1937 4181 2528 4295 significationis
2576 4191 3050 4300 proprietas.

417 4303 602 4386 -sola
637 4303 1010 4415 asperitas
1050 4310 1132 4387 &
1181 4294 1562 4385 affectatae
1604 4295 2195 4410 compositionis
2240 4297 2521 4379 horror
2558 4313 2780 4380 aures
2819 4301 3052 4384 laede..

414 4440 533 4496 ·re
581 4439 935 4528 poterat:
980 4422 1077 4497 in
1114 4447 1281 4529 quo
1324 4416 1729 4495 ‘idoneum
1757 4413 2026 4521 patriae
2082 4410 2641 4519 patrocinium.
2699 4421 3046 4524 peregri-

411 4548 595 4606 mus*
628 4532 1310 4614 litterisRomanis
1338 4526 1834 4639 Apuleius,&
1870 4519 2065 4598 Afer
2092 4584 2112 4613 ‚
2141 4518 2426 4628 quibus
2459 4519 2855 4631 peculiare
2890 4526 3043 4613 fuit

409 4645 758 4722 -vincere
800 4647 1169 4724 acumine
1215 4653 1295 4727 &
1346 4637 1770 4720 sententiis.
1830 4628 2426 4720 Observandum
2476 4655 2738 4713 autem
2777 4645 3042 4723 ‘inculh

340 4839 346 4846 .
402 4771 607 4839 διε-ιιι
641 4755 858 4841 hanc
884 4765 968 4840 δι
997 4758 1276 4864 duram
1324 4749 1665 4871 phrasim
1701 4743 2096 4866 praecipue
2132 4747 2459 4854 obviarn
2486 4750 2580 4826 in-
2610 4747 2833 4886 libris·
2860 4757 2950 4837 M
2960 4751 3018 4842 e·

2679 4892 2739 4942 u
