4087 5702
1123 415 1816 509 APULE'II
1924 420 2338 509 VITA.

405 532 735 629 obtinuit
747 567 778 627 ,⁰
815 561 948 620 ms
1005 559 1277 651 quoque
1289 532 1685 653 stpaeraetim
1722 537 2046 620 diceneus
2094 541 2178 621 de
2200 534 2524 649 stngulis
2561 601 2583 641 ‚
2630 538 2677 621 ἆ
2732 551 3043 634 naturali

415 646 1236 765 Philofipbiaficientes
1287 651 1677 734 exordium.
1745 649 2293 764 Vulgatiffima
2349 653 2869 768 Philosophia:
2922 664 3037 741 di.
3181 668 3184 671 ’

416 766 610 847 vifio
661 793 763 850 ex
796 768 1186 849 sententia
1245 764 1640 868 Platonis,
1670 764 1772 859 εἰς
1814 768 2058 870 γαιάων
2095 757 2212 863 αἵδ’
2253 772 2462 854 ὄντων
2493 831 2515 871 ,
2555 796 2727 879 quae
2761 774 2874 855 est
2904 800 3040 871 φυ..

412 881 576 966 citui
604 885 937 986 ,πράξαν
969 874 1086 980 ἥδ’
1132 886 1428 983 καλῶ,
1473 905 1654 993 quae
1689 878 1954 987 donzi,
1999 878 2064 968 ῥ
2108 892 2201 964 τῦ.
2235 881 2418 991 λόγια
2463 885 2818 989 sumaim,
2865 915 3041 999 quae

416 998 871 1083 ὢαλειιπιιό.
922 1004 1200 1087 Primo
1239 1000 1475 1111 igitur
1525 994 1946 1097 loco,s1ve
2003 998 2212 1081 libro
2260 999 2408 1080 isto
2467 1005 2605 1108 qui
2664 1004 3041 1085 hactenus

373 1114 508 1209 ⁵de
549 1128 891 1226 Dogmate
978 1117 1303 1198 Platonis
1369 1107 1780 1221 inscriptus
1822 1173 1847 1212 ‚
1904 1110 2007 1191 de
2085 1109 2593 1225 Philosophia
2661 1116 3043 1200 Naturali

413 1232 616 1339 agit,
670 1227 1087 1337 libro,qui
1132 1228 1221 1310 de
1277 1225 1773 1342 Philosophia,
1820 1223 1964 1308 τίω)
2015 1227 2267 1315 »feam
2307 1228 2575 1311 docet.
2666 1232 2775 1308 ita
2828 1233 3041 1313 enim

410 1345 743 1421 orditur
788 1345 1091 1428 Mardis
1146 1338 1594 1456 Philosophia
1624 1361 1845 1453 caput.
1879 1350 2034 1424 &a
2059 1339 2271 1422 libro
2307 1338 2460 1431 a&
2500 1344 2866 1455 ἑρμηνείας
2900 1343 3046 1431 qia>

426 1452 735 1555 λογκὰᾶ
806 1455 1287 1567 complexus.
1330 1458 1561 1534 initio
1586 1453 1749 1563 ejus
1779 1453 2019 1537 libelli
2047 1493 2066 1539 z
2085 1460 2414 1568 studium
2452 1460 2824 1574 fipientiae
2859 1526 2884 1566 ,
2925 1466 3046 1545 in.

264 1634 271 1639 .
418 1576 602 1680 quit
620 1636 641 1671 ,
664 1569 1011 1683 plerisque
1037 1571 1335 1652 videtur
1356 1589 1505 1650 tres
1515 1571 1799 1679 species
1823 1568 1944 1670 feu
1966 1591 2210 1679 partes
2238 1570 2491 1652 habere
2510 1636 2532 1674 ‚
2553 1580 2986 1660 naturalem
3019 1644 3045 1683 ,

416 1686 770 1768 Moralem
790 1748 814 1784 ‚
849 1686 939 1770 ῥ’
968 1688 1058 1770 de
1115 1713 1252 1799 qua
1329 1711 1525 1766 nunc
1586 1682 1813 1769 dicere
1857 1679 2177 1797 propositi
2217 1750 2244 1785 ‚
2310 1687 2781 1775 Rationalem.
2837 1691 3045 1773 Non

417 1796 795 1910 intelligo
838 1818 1104 1879 autem
1165 1796 1326 1908 quii
1383 1801 1692 1879 ratione
1738 1792 1939 1877 solus
1990 1796 2123 1879 ille
2164 1796 2474 1881 libellus
2518 1800 2618 1882 de
2666 1801 3045 1917 dogmate

424 1916 781 2003 Platonis
820 1909 1134 1998 inscribi
1172 1913 1515 2016 debeat,
1556 1940 1724 2023 quo
1767 1909 2354 2027 Philosophiam
2399 1915 2832 1999 naturalem
2876 1942 3047 2002 tra..

422 2032 539 2110 dit
573 2095 596 2132 ‚
626 2054 810 2107 eum
859 2053 1026 2106 non
1074 2030 1322 2109 minus
1360 2032 1439 2107 in
1480 2028 1802 2139 reliquis
1849 2026 2200 2110 Platonis
2247 2037 2622 2141 dogmata
2668 2051 3043 2117 executus

432 2143 527 2223 fit
570 2178 589 2219 ι
650 2139 1324 2252 quemadmodum
1375 2167 1521 2222 nec
1562 2141 1696 2223 ille
1742 2139 1943 2223 solus
1986 2142 2086 2221 fit
2155 2143 2253 2223 de
2307 2143 2819 2256 Philosophia
2878 2176 3041 2261 quo

431 2256 557 2342 τᾶν
593 2255 823 2347 η’θικᾶν
859 2254 1051 2338 π’πν
1088 2258 1571 2366 complexus.
1626 2261 1845 2341 Vere
1882 2257 2206 2365 quidem
2256 2256 2770 2371 Philosophia
2818 2319 2838 2356 ‚
2881 2290 3040 2375 qua

427 2377 672 2454 nostri
711 2372 1072 2483 meliores⁴
1110 2366 1540 2474 efficimur,
1587 2360 1797 2466 »ῗᾶῗὸ
1835 2362 1896 2450 ‚75
1929 2368 2169 2481 «ψυχῗς
2212 2370 2728 2487 α’ῥρωςπμρίτω
2776 2377 2849 2487 ³57³
2892 2411 3040 2456 m-

423 2490 568 2569 θτῒν
614 2486 1016 2598 φάρηςυων.
1057 2484 1248 2566 Nec
1292 2507 1558 2566 tamen
1610 2507 2039 2599 propterea
2082 2483 2484 2568 obtinebit
2528 2508 2618 2567 ut
2655 2487 2812 2568 sola
2855 2493 3040 2574 Phi.

416 2601 780 2712 losophia
819 2604 1108 2683 audiat.
1147 2608 1423 2711 Quare
1465 2622 1725 2684 totum
1772 2626 1980 2712 opus
2061 2600 2562 2682 decretorum
2637 2601 2984 2687 Platonis
3018 2672 3044 2711 ,

420 2717 514 2800 de
556 2719 880 2825 dogmate
932 2721 1258 2800 Platonis
1289 2715 1720 2828 inscripsit,
1763 2722 1847 2799 δε
1903 2714 2238 2828 singulas
2278 2713 2804 2829 Philosophiae
2857 2743 3046 2830 par-²

418 2854 545 2912 tes
607 2858 709 2913 ex
751 2856 1072 2945 recepta
1115 2828 1498 2912 divisione
1558 2829 1805 2913 tribus
1848 2828 2132 2912 libellis
2188 2826 2595 2946 separatim
2664 2833 3039 2934 tradidit,

412 2974 769 3057 quorum
822 2951 1039 3059 prior
1086 2948 1454 3040 continet
1501 2943 2021 3048 Naturalem,
2053 2944 2253 3025 alter
2299 2946 3039 3048 Moralem,tertius

421 3062 962 3147 Rationalem.
989 3060 1634 3173 Absolutfiigitur
1659 3060 1949 3173 triplici
1973 3059 3036 3172 Philosophi3‚commodum

423 3178 783 3260 succedit
809 3180 858 3265 η’
884 3180 1135 3293 πρώτη
1166 3174 1751 3283 φιλοσοφία,ᾳυκ
1770 3175 2036 3254 dedita
2071 3176 2298 3256 rebus
2320 3200 2657 3285 corpore
2686 3180 2765 3255 &
2797 3199 3038 3260 mate.

425 3298 545 3375 ria
564 3289 857 3393 solutis,
881 3316 969 3373 ut
994 3300 1208 3386 Dec,
1230 3290 1988 3404 Angelis,Geniis,&
2008 3287 2322 3367 illorum
2349 3289 2755 3396 adjunctis.
2787 3287 3035 3373 Hanc

425 3406 891 3520 complexus
916 3405 1030 3487 est
1055 3403 1432 3520 Apuleius
1456 3403 1591 3488 lib.
1617 3402 1704 3483 de
1726 3424 1875 3490 Deo
1898 3411 2202 3485 Socratis
2230 3466 2256 3501 ‚
2289 3405 2503 3513 cujus
2522 3421 2811 3514 praeter
2838 3403 3036 3486 alios

428 3518 626 3635 saepe
659 3524 1151 3602 mentionem
1194 3519 1390 3601 facit
1433 3520 1550 3602 D.
1605 3521 1816 3629 Aug.
1871 3514 2005 3600 lib.
2057 3550 2134 3629 7.
2202 3523 2281 3596 &
2344 3550 2460 3602 10.
2515 3517 2617 3599 de
2679 3516 3033 3603 Civitate

437 3635 653 3737 Dei,
685 3637 1015 3748 plurima
1066 3661 1167 3716 ex
1202 3629 1341 3712 illo
1384 3633 1562 3714 loca
1609 3634 1893 3714 erroris
1938 3635 2419 3714 convincere
2450 3653 2803 3716 conatus,
2855 3661 3032 3744 quae

434 3776 634 3832 vero
673 3755 770 3832 de
803 3750 1169 3849 Manibus
1206 3772 1316 3839 ,ex
1362 3749 1707 3859 Apuleio
1760 3746 2077 3861 profert
2121 3747 2455 3827 Isidorus
2497 3807 2520 3839 ,
2570 3748 2734 3829 fine
2774 3748 3033 3829 dubio

426 3865 536 3947 ad
581 3868 745 3950 hoc
788 3866 1153 3980 scriptum
1203 3866 1607 3973 pertinent
1636 3924 1655 3952 ,
1695 3865 2001 3970 in'quo
2060 3881 2320 3940 tamen
2369 3862 2644 3943 eadem
2706 3888 2868 3942 non
2921 3865 3035 3944 Fa.

424 3983 583 4066 cile
616 3983 980 4093 reperies.
1027 3976 1459 4068 Priscianus
1512 3977 1886 4084 malopem
1950 3996 2219 4054 vocat.
2266 3973 2468 4051 Non
2517 3978 2804 4055 invitus
2846 3973 3030 4057 illo.

422 4125 599 4180 rum
632 4094 1036 4184 sententiae
1067 4087 1517 4176 accesserim
1554 4153 1577 4190 ‚
1632 4088 1768 4199 qui
1799 4084 2058 4163 minus
2096 4088 2483 4199 integram
2528 4085 2734 4165 banc
2777 4089 3034 4199 dispu-

423 4217 817 4294 tationem
864 4210 1446 4307 existimarunt,
1486 4231 1663 4285 nam
1705 4207 1785 4283 ὃ(
1831 4196 1987 4312 ipsa
2031 4200 2188 4283 fine
2237 4200 2505 4282 mutila
2544 4205 2625 4282 &
2656 4197 3036 4283 deficiens

422 4330 745 4411 videtur
774 4326 1140 4410 :minicium
1196 4348 1389 4405 vero
1427 4317 1655 4433 plane
1696 4318 2171 4430 irreptitium
2199 4321 2277 4396 ὅ(
2308 4317 2567 4396 alieno
2597 4317 2783 4396 loco
2826 4313 3033 4427 poli.

429 4465 603 4525 tum
628 4438 876 4547 ‚nihil
915 4461 1347 4553 cognatum
1392 4434 1634 4518 habet
1680 4457 1870 4513 curn
1916 4427 2356 4539 graviffima
2392 4424 2915 4538 disputatione
2949 4434 3035 4513 δε

416 4583 688 4640 rerum
708 4556 1147 4636 divinarum
1180 4548 1873 4657 contemplatione·
1912 4544 2081 4654 Qi
2107 4562 2375 4623 autem
2400 4540 2696 4623 indueti
2732 4545 2820 4624 iis
2858 4569 3034 4629 ver.

416 4674 546 4754 bis
564 4710 589 4756 .-
620 4696 705 4754 aet
722 4689 955 4753 cetera
972 4676 1243 4751 Latine
1265 4663 2074 4775 materiaeperſsqnamur
2097 4723 2123 4760 ,
2141 4656 2676 4740 existimarunt
2706 4723 2734 4763 ‚
2758 4663 3041 4772 princi·

409 4793 644 4906 pium
682 4791 980 4873 Graeco
1016 4781 1380 4868 sermone
1413 4799 1894 4892 conceptum
1943 4769 2164 4860 fuisse
2198 4843 2225 4885 ‚
2254 4777 2514 4858 minus
2552 4772 2761 4857 reete
2806 4773 3037 4861 stuti-

2548 4891 2604 4971 6
2644 4889 2723 5002 iij
