4087 5702
1276 433 1373 520 ‘P
1424 432 1500 521 R
1544 430 1670 515 AE
1706 435 1775 517 F
1812 434 1891 518 A
1935 428 2011 517 T
2047 431 2111 516 I
2140 433 2239 516 0.

453 555 794 702 logiam
824 641 853 684 ‚
884 553 1685 690 Collestaneorum
1710 548 2054 691 sylvam·
2097 635 2127 680 ,
2173 542 2446 654 Isaaci
2490 551 3009 659 Casauboni
3039 646 3078 691 ‚

458 715 548 799 δε
588 706 1023 838 Scipionis
1075 696 1452 797 Gentilis
1497 704 1587 790 in
1620 696 2004 792 eandem
2059 693 2607 838 Apologiam
2664 691 3077 800 observa-

460 848 786 966 tiones,
816 835 1483 958 Elmenhorstii‚
1501 842 2113 973 Woweriique
2137 868 2429 965 notas»,
2449 836 2645 933 Gas
2627 871 2713 972 p.
2742 832 3075 978 Schop-

461 987 589 1116 pii
615 986 705 1076 in
733 1014 1017 1117 opera
1037 977 1225 1075 haec
1251 981 1557 1074 omnia
1586 967 2094 1108 symbolam
2135 981 2567 1074 Criticam
2598 1055 2624 1101 ‚
2687 991 2776 1074 δε
2819 980 3077 1114 quid·

462 1119 687 1258 quid
729 1115 1274 1217 stewechius
1323 1194 1347 1235 ‚
1394 1123 1851 1237 Brantius,
1920 1110 2385 1240 BarthiuS‚
2428 1111 2765 1252 Lipsius
2811 1194 2842 1237 ,
2899 1117 3079 1218 alii-

468 1293 703 1396 que,
730 1289 1197 1395 quotquot
1234 1264 1324 1352 in
1362 1289 1675 1353 manus
1700 1261 2003 1352 venire
2035 1286 2557 1387 potuerunt,
2582 1264 2670 1353 in
2725 1254 3078 1396 aliquos

477 1401 858 1495 auctoris
901 1391 1168 1523 hujus
1212 1390 1463 1490 locos
1531 1381 2050 1529 scripserunt
2073 1386 2502 1514 ,‘summo
2546 1394 2835 1492 studio
2885 1430 3079 1532 per-

469 1532 755 1658 volvi,
804 1551 894 1631 δε
950 1568 1057 1629 ex
1101 1539 1199 1629 iis
1247 1614 1275 1653 ,
1311 1567 1513 1671 quae
1558 1541 1948 1631 maxime
1999 1531 2116 1627 ad
2157 1566 2350 1627 rem
2415 1526 2590 1632 visa
2652 1529 2849 1631 sunt
2876 1614 2907 1659 ,
2980 1545 3078 1636 in

463 1678 1300 1808 interpretationem
1336 1744 1369 1791 ,
1414 1667 1779 1769 notasve
1854 1669 2208 1768 nostras
2275 1672 2673 1773 transtuli
2708 1749 2737 1793 ‚
2783 1675 3077 1775 lauda-

467 1813 574 1910 tis
623 1809 1207 1948 utplurimum
1278 1805 1819 1915 auctoribus,
1946 1846 2144 1949 quae
2216 1808 2335 1907 ab
2388 1811 2550 1909 illis
2597 1810 3071 1952 neglecta,

467 1985 627 2048 aut
683 1947 1165 2049 transcursa
1210 1952 1580 2051 fuerunt
1630 1965 1658 2071 (
1705 1942 2069 2048 fuerunt
2136 1984 2445 2049 autem
2483 1987 2673 2049 non
2729 1982 3072 2087 pauca)

536 2124 756 2186 uam
833 2093 1180 2224 optime*
1247 2099 1505 2226 potui
1571 2123 1993 2188 executus
2067 2085 2285 2187 sum.
2378 2085 3076 2224 Philosophicos

471 2125 916 2365 llcriptoris
965 2225 1224 2359 hujus
1267 2228 1540 2328 libros
1573 2311 1601 2352 ‚
1641 2265 1872 2368 quos
1905 2233 2167 2364 pauci
2198 2221 2696 2324 admodum
2747 2247 2832 2326 δε
2886 2233 3079 2333 obi-

464 2397 607 2462 ter
651 2399 1001 2464 tantum
1037 2403 1144 2465 ac
1196 2364 1727 2507 pauciffimis
1772 2376 1863 2466 in
1921 2366 2141 2463 locis
2189 2376 2679 2507 attigerant
2725 2443 2757 2491 ‚
2807 2369 3079 2476 addu-

465 2508 633 2602 etis
683 2541 792 2602 ex
835 2504 1266 2628 Platone,
1308 2526 1400 2609 ὃς
1448 2505 1941 2609 Aristotele
1977 2585 2009 2631 ‚
2054 2504 2298 2604 unde
2344 2501 2782 2645 desumpti
2828 2501 3080 2641 sunt,

396 2740 401 2743 ,
465 2639 900 2743 similibus
961 2642 1620 2750 diffimilibusve
1656 2728 1691 2772 ,
1734 2645 2203 2747 enucleavi
2244 2725 2276 2769 ,
2322 2645 2846 2784 explanavi,
2889 2644 3084 2793 sup-

465 2782 749 2923 plevi.
814 2783 1197 2886 Librum
1256 2805 1409 2897 a&
1483 2809 1853 2919 ἑρμηνείας
1883 2867 1914 2912 ,
1962 2779 2142 2916 five
2206 2805 2341 2886 De
2395 2790 2875 2928 &uogistno
2924 2812 3074 2894 Ca-

468 2933 836 3063 tegorico
885 2918 1360 3026 foediffime:
1421 2959 1948 3064 corruptum
1997 2924 2620 3063 compluribus
2674 2930 2894 3028 locis
2960 2968 3093 3031 re-

471 3060 713 3161 stitui
759 3098 939 3203 ope
982 3066 1369 3166 duorum
1413 3059 1683 3161 libelli
1747 3099 2101 3163 tantum
2151 3076 2340 3197 ejus
2411 3065 3088 3208 Manuscripto..

476 3236 681 3299 rum
774 3204 1225 3304 Codicum
1303 3198 2085 3303 vetustissimorum
2155 3282 2186 3327 ,
2292 3212 2453 3340 qui
2549 3212 2639 3301 in
2734 3206 3080 3305 Biblio..

471 3339 746 3440 theca
793 3341 1094 3440 nostra
1142 3345 1536 3481 Capituli
1584 3336 2160 3443 Carnotenfis
2197 3342 2764 3470 asservantur.
2848 3354 2899 3457 J
2905 3358 3102 3450 uvit

479 3489 750 3579 etiam
827 3519 979 3579 me
1048 3482 1462 3586 ,nonnihil
1540 3492 1631 3580 in
1694 3481 2235 3621 exponendo
2305 3480 2607 3580 libello
2671 3504 2829 3589 ‘De
2903 3508 3088 3588 Deo

488 3630 848 3719 Socratis
902 3615 1562 3760 Manuscriptus
1635 3631 1820 3753 ejus
1886 3618 2099 3720 libri
2162 3624 2455 3721 cod'tx
2505 3620 3087 3729 Bibliothecae

489 3788 706 3855 tunc
748 3760 1205 3884 Thuanae‚
1261 3799 1500 3860 nunc
1532 3758 2154 3860 Menai-fianae.

649 3900 823 3998 Sed
867 3908 1257 3999 nitorem
1298 3897 1546 3998 suum
1611 3937 1716 3995 ac
1759 3897 2328 4033 splendorem
2375 3977 2410 4022 ,
2473 3897 2543 3997 fi
2602 3939 2873 4038 quem
2937 3901 3096 4005 ha-

483 4032 647 4133 bet
685 4034 870 4136 hoc
922 4074 1148 4176 opus
1193 4124 1225 4164 ‚
1291 4047 1682 4138 maxime
1756 4028 2031 4134 debet
2097 4044 2286 4134 acri
2348 4052 2436 4137 δε
2502 4035 2813 4136 limato
2878 4047 3100 4171 judi«

479 4183 631 4272 cio
684 4185 878 4280 Viri
971 4181 1800 4280 omnicruditionis
1860 4212 2197 4317 genere
2268 4210 2462 4276 tota
2536 4189 2900 4315 Europa
2942 4217 3097 4278 ce..

484 4311 1034 4416 lebratiffimi
1060 4399 1092 4443 ‚
1119 4337 1207 4417 &
1249 4320 1594 4457 optime
1644 4356 1852 4417 cum
1885 4322 1993 4414 de
2049 4322 2186 4419 Re
2218 4325 2726 4434 Litteraria,
2761 4351 2952 4415 tum
2978 4321 3102 4439 de

486 4450 994 4554 Christiana
1045 4459 1524 4600 Religion:
1580 4463 1873 4554 meriti
1938 4465 2005 4554 P
2034 4485 2089 4549 E
2117 4492 2176 4552 T
2209 4486 2280 4552 R
2314 4491 2344 4551 1
2442 4463 2534 4556 D
2572 4494 2632 4556 A
2664 4490 2728 4556 Ν
2759 4495 2793 4557 1
2823 4497 2875 4560 E
2901 4499 2954 4562 ι
2984 4499 3018 4562 1
3049 4500 3095 4561 s

479 4599 586 4690 H
612 4627 671 4689 u
702 4626 838 4695 ετ
887 4636 922 4697 1
951 4630 984 4693 1
1041 4593 1429 4699 Abbatis
1459 4595 1890 4697 Alnetani
1916 4675 1944 4717 ‚
1989 4611 2074 4692 ὃ(
2107 4590 3104 4702 Sutffionenfiuin'Prae.

468 4728 677 4833 suns
728 4732 1236 4879 De‘signati
1270 4820 1299 4865 ,
1335 4746 1585 4874 cujus
1631 4733 1832 4874 post
1871 4729 2546 4842 Illustriffimum
2589 4747 2822 4875 Bos
2849 4778 2889 4839 s
2917 4775 2975 4835 u
3002 4772 3105 4841 ι·

2741 4886 2796 4919 μ

2727 4919 2775 4978 l
