4087 5702
1278 438 1375 525 ‘P
1427 437 1503 526 R
1547 435 1673 520 AE
1709 440 1778 522 F
1815 439 1894 523 A
1938 432 2014 521 T
2049 436 2113 521 I
2142 438 2242 521 0.

455 560 796 707 logiam
827 646 856 689 ‚
886 558 1689 695 Collestaneorum
1713 553 2056 696 sylvam
2098 639 2128 685 ,
2175 546 2448 658 Isaaci
2492 554 3012 663 Casauboni
3041 650 3080 695 ‚

460 720 550 804 δε
590 711 1025 843 Scipionis
1076 701 1454 802 Gentilis
1500 709 1590 796 in
1623 701 2006 797 ean'dem
2061 699 2609 842 Apologiam
2666 695 3079 803 observa-

462 854 787 970 tiones,
818 840 1484 963 Elmenhorstii‚
1503 847 2115 978 Woweriique
2139 872 2432 969 notas»,
2451 840 2647 937 Gas
2629 875 2715 976 p.
2744 836 3077 982 Schop-

463 993 591 1121 pii
617 992 707 1081 in
735 1019 1019 1122 opera
1038 982 1226 1080 haec
1252 986 1559 1079 omnia
1588 972 2096 1113 symbolam
2137 986 2569 1078 Criticam
2600 1059 2626 1105 ‚
2689 995 2778 1078 δε
2821 984 3079 1118 quid·

464 1124 689 1263 quid
731 1120 1275 1222 stewechius
1324 1199 1348 1240 ‚
1396 1128 1853 1242 BrantiuS,
1922 1114 2387 1244 BarthiuS‚
2430 1115 2767 1256 Lipsius
2814 1198 2845 1244 ,
2901 1121 3081 1222 alii-

468 1298 705 1401 que,
732 1294 1198 1400 quotquot
1236 1270 1326 1358 in
1364 1294 1677 1358 manus
1702 1264 2005 1357 venire
2037 1290 2559 1391 potuerunt,
2584 1269 2672 1357 in
2727 1258 3080 1400 aliquos

479 1406 861 1500 auctoris
903 1397 1169 1529 hujus
1214 1395 1465 1496 locos
1533 1386 2052 1534 scripserunt
2075 1390 2504 1519 ‚‘summo
2548 1398 2838 1495 studio
2886 1435 3081 1536 per-

471 1538 757 1664 volvi,
806 1556 896 1636 δε
952 1574 1059 1635 ex
1104 1545 1201 1633 iis
1248 1620 1276 1659 ,
1313 1573 1515 1677 quae
1560 1547 1950 1636 maxime
2001 1536 2118 1632 ad
2159 1570 2352 1632 rem
2417 1530 2592 1636 visa
2654 1533 2851 1635 sunt
2879 1618 2910 1664 ,
2982 1549 3080 1640 in

465 1683 1300 1814 interpretationem
1338 1750 1371 1797 ,
1416 1672 1781 1774 notasve
1856 1674 2210 1773 nostras
2275 1676 2675 1777 transtuli
2711 1753 2739 1797 ,
2785 1679 3079 1779 lauda-

470 1820 577 1914 tis
626 1815 1209 1954 utplurimnm
1280 1810 1819 1920 auctoribus,
1948 1851 2146 1954 quae
2218 1813 2337 1912 ab
2389 1815 2552 1914 illis
2601 1815 3073 1957 neglecta,

470 1989 628 2053 aaut
685 1952 1167 2054 transcursa
1212 1958 1584 2056 fuerunt
1632 1970 1660 2076 (
1707 1947 2071 2054 fuerunt
2139 1989 2447 2054 autem
2485 1992 2675 2054 non
2731 1986 3074 2092 pauca)

538 2129 758 2191 uam
835 2098 1182 2229 optime
1249 2103 1507 2231 potui
1572 2128 1995 2193 executus
2069 2090 2287 2191 sum.
2380 2090 3078 2229 Philosophicos

473 2130 918 2370 llcriptoris
967 2230 1226 2364 hujus
1269 2233 1542 2333 libros
1575 2316 1604 2357 ,
1643 2270 1874 2373 quos
1907 2238 2169 2369 pauci
2200 2225 2698 2330 admodum
2749 2252 2834 2337 δε
2887 2238 3082 2349 obi.

466 2402 609 2467 ter
653 2404 1003 2469 tantum
1039 2408 1146 2470 ac
1198 2369 1729 2512 paucissimis
1774 2382 1865 2471 in
1923 2371 2143 2468 locis
2191 2382 2683 2512 attigerant
2727 2448 2759 2496 ,
2809 2374 3082 2481 addu-

467 2513 635 2607 etis
687 2547 794 2608 ex
837 2509 1269 2633 Platone,
1310 2531 1402 2614 ὃς
1450 2509 1943 2614 Aristooele
1979 2590 2011 2636 ‚
2056 2509 2300 2609 unde
2346 2506 2784 2650 desumpti
2830 2506 3082 2646 sunt,

396 2745 405 2749 -
467 2644 902 2748 similibus
963 2647 1623 2755 diffimilibusve
1658 2733 1693 2777 ,
1736 2650 2206 2752 enucleavi
2246 2730 2277 2774 ,
2324 2648 2848 2789 explanavi,
2891 2649 3087 2798 sup-

467 2787 752 2928 plevi.
816 2788 1200 2891 Librum
1258 2810 1411 2902 a&
1485 2815 1856 2924 ἑρμηνείας
1886 2872 1916 2917 ,
1965 2784 2145 2920 five
2208 2810 2343 2891 De
2397 2795 2877 2933 &uogistno
2926 2817 3077 2900 Ca-

470 2938 838 3068 tegorico
887 2923 1363 3031 foediffime
1424 2964 1950 3069 corruptum
2000 2929 2622 3068 compluribus
2676 2935 2897 3033 locis
2963 2973 3095 3036 re-

473 3065 715 3166 stitui
761 3103 941 3208 ope
984 3071 1372 3171 duorum
1415 3064 1685 3165 libelli
1750 3104 2104 3168 tantum
2154 3080 2342 3202 ejus
2413 3070 3090 3212 Manusctipto..

479 3241 683 3304 rum
776 3209 1228 3309 Codicum
1306 3203 2088 3308 vetustissimorum
2158 3287 2189 3332 ,
2295 3218 2455 3345 qui
2552 3218 2646 3306 in
2737 3211 3083 3311 Biblio.

474 3343 749 3445 theca
795 3346 1096 3445 nostra
1145 3350 1538 3486 Capituli
1587 3341 2163 3448 Carnotenfis
2199 3347 2766 3474 asservantur.
2850 3359 2901 3462 J
2907 3362 3104 3455 uvit

482 3493 753 3584 etiam
830 3523 982 3584 me
1050 3487 1463 3590 nonnihil
1543 3496 1635 3585 in
1697 3486 2238 3626 exponendo
2308 3484 2610 3585 libello
2674 3509 2831 3594 ‘De
2905 3513 3091 3593 Deo

491 3633 851 3724 Socratis
905 3619 1565 3765 Manuscriptus
1638 3635 1823 3758 ejus
1889 3623 2102 3725 libri
2165 3629 2460 3725 cod‘tx
2508 3625 3090 3734 Bibliothecae

492 3793 709 3860 tunc
751 3765 1209 3889 Thuanae,
1264 3804 1503 3864 nunc
1535 3763 2157 3879 Menai-[ianas.

653 3904 826 4003 Sed
870 3913 1260 4003 nitorem
1301 3902 1549 4003 suum
1614 3942 1719 3999 ac
1762 3901 2413 4038 splendorem,
2476 3899 2549 4002 fi*
2605 3944 2876 4043 quem
2940 3906 3099 4010 ha-

482 4037 650 4138 bet
688 4038 873 4140 hoc
925 4079 1151 4181 opus
1196 4128 1228 4168 ‚
1295 4052 1684 4142 maxime
1759 4032 2034 4138 debet
2100 4049 2290 4139 acri·
2351 4057 2439 4142 δε
2505 4040 2816 4141 limato
2881 4052 3104 4176 judi<

482 4188 634 4277 cio
687 4189 881 4284 Viri
974 4193 1243 4285 omni.
1267 4185 1803 4283 eruditionis
1863 4216 2200 4322 genere
2271 4215 2465 4281 tota
2539 4194 2903 4320 Europa
2945 4222 3100 4283 ce..

486 4315 1037 4420 lebratissimi
1063 4403 1095 4447 ‚
1122 4341 1210 4421 ὅ(
1253 4325 1598 4461 optime
1648 4360 1855 4421 cum
1888 4326 1997 4418 de
2052 4326 2189 4423 Re
2221 4330 2729 4439 Litteraria,
2764 4356 2955 4420 tum
2981 4326 3105 4444 de

493 4455 997 4558 Christiana
1048 4463 1529 4604 Religione
1584 4455 1877 4558 meriti
1941 4469 2008 4558 P
2037 4490 2092 4554 E
2120 4497 2179 4557 T
2212 4490 2283 4556 R
2317 4496 2347 4556 1
2445 4467 2537 4560 D
2575 4498 2635 4560 A
2667 4495 2731 4561 Ν
2762 4500 2796 4562 1
2826 4502 2878 4565 E
2904 4504 2957 4567 1.
2987 4504 3021 4567 1
3052 4504 3098 4565 s

482 4604 589 4695 H
614 4632 673 4694 u
704 4631 757 4696 ε
780 4640 841 4700 τ
890 4640 925 4701 1
954 4634 987 4697 1
1044 4597 1433 4703 Abbatis
1463 4599 1894 4701 Alnetani
1920 4680 1948 4722 ‚
1993 4615 2078 4696 ὃ(
2110 4595 3106 4706 Sutffionenfiuin'Prae-

471 4733 679 4838 suus
730 4736 1240 4883 De'signati
1274 4824 1303 4869 ,
1339 4751 1589 4878 cujus
1621 4737 1836 4878 „post
1875 4734 2549 4846 Illustriffimum
2592 4751 2825 4879 Bos
2852 4782 2892 4843 s
2920 4780 2978 4840 u
3005 4776 3108 4845 ι-

2744 4890 2799 4923 μ

2730 4923 2778 4982 l
