4087 5702
448 448 748 574 suoque
789 456 1282 579 philosopho
1345 488 1690 580 accepto
1737 474 1816 551 δι
1882 461 2440 563 convenienti,
2503 475 2813 544 tantum
2881 487 3049 547 non

449 571 717 653 divina
757 581 1123 659 oratione
1193 605 1447 693 prope
1504 581 1837 660 dixerim
1915 576 2220 657 exultat
2281 641 2305 677 ,
2353 581 2433 657 ὃ(
2503 598 3049 687 paupertatem

441 686 569 764 vel
607 686 977 772 divitibus
1026 690 1237 772 ultro
1264 693 1793 805 expetendam
1818 694 2222 804 proponit.
2292 689 2390 770 Et
2424 687 2607 766 {ane
2640 689 3047 773 verisimile

443 796 806 904 videtur,
847 830 1025 884 cum
1052 805 1434 919 Apuleius
1464 810 1723 886 minus
1758 803 1831 884 se
1869 801 2353 915 locupletem
2399 824 2756 913 cerneret
2792 867 2815 904 ,
2860 804 3044 884 ideo

435 903 743 993 facilius
773 914 1321 1032 impulsum,ut
1360 920 1705 1004 AEmiliae
1741 916 2207 998 Pudentillae
2227 917 2536 1027 nuptias
2589 942 2750 992 non
2789 917 3045 1028 asper-

441 1045 764 1106 naretur
798 1057 1036 1137 3nam
1082 1030 1435 1142 alioquin
1464 1057 1738 1143 parum
1781 1027 2349 1143 dignumillius
2391 1029 2756 1141 ingenie,
2787 1051 2872 1107 ut
2910 1030 3041 1135 ju-

449 1139 665 1217 venis
683 1167 1025 1253 corpore
1048 1151 1126 1226 ὅ(
1148 1148 1418 1224 animo
1441 1145 1757 1259 elegans
1782 1144 2109 1222 duceret
2131 1142 2443 1220 viduam
2471 1207 2492 1241 ,
2521 1137 2745 1220 nullis
2766 1138 3043 1227 formae

450 1243 1013 1334 blandimentis
1040 1322 1064 1358 ‚
1121 1265 1204 1340 ὃ(
1239 1262 1464 1338 annis
1502 1260 1728 1338 rebus
1775 1253 2227 1366 voluptariis
2259 1258 2423 1365 jam
2471 1250 2639 1334 fere
2683 1252 3042 1337 abnuen-

444 1358 670 1439 tibus
696 1426 719 1465 ,
745 1367 881 1445 nisi
907 1371 1212 1479 prolixa
1237 1373 1431 1449 dote
1458 1367 2277 1471 &molli-conditione
2320 1370 2714 1453 invitatus.
2763 1395 3042 1478 quam.

448 1471 569 1553 vis
606 1474 759 1584 ipse
796 1480 1054 1559 multis
1105 1479 1362 1563 verbis
1408 1484 1716 1563 amoliri
1770 1504 2104 1562 conatur
2153 1546 2176 1582 ,
2222 1481 2430 1560 hanc
2480 1478 3037 1593 suspicionem,

442 1582 815 1694 nullaque
872 1597 1213 1677 avaritiae
1258 1580 1485 1675 caiisa
1539 1592 1992 1706 concupisse
2045 1619 2365 1674 uxorem
2411 1619 2521 1673 -ex
2571 1593 2851 1675 tabulis
2891 1601 3040 1678 ‚do-

442 1717 591 1776 cet.
766 1730 848 1781 ia
919 1732 1108 1785 vero
1172 1710 1594 1792 occasione
1641 1713 1906 1792 Oeam
1957 1710 2260 1786 venerit
2293 1772 2312 1802 ‚
2361 1733 2514 1815 qua
2570 1706 3038 1791 conditione

440 1807 777 1895 Pudenti
818 1817 904 1899 lae
946 1825 1454 1901 matrimonio
1490 1825 1793 1927 junctus
1841 1818 1931 1900 fit
1957 1820 2328 1931 ‚copiose
2358 1842 2645 1903 narrat.
2733 1828 2746 1897 1
2787 1848 2834 1900 x
2881 1821 3039 1905 hac

439 1939 703 2007 tamen
788 1928 1179 2045 utriusque
1268 1936 1879 2018 diffimilitudine
1944 1956 2128 2013 nata
2184 1934 2458 2043 opinio
2515 2000 2538 2036 ‚
2599 1959 2913 2013 veneno
2953 1945 3040 2018 &-

435 2041 764 2150 magicis
805 2045 1204 2126 maleficiis
1268 2054 1623 2131 coactam
1680 2047 2081 2126 mulierem
2133 2040 2460 2155 nupsisse
2510 2112 2530 2148 ,
2595 2047 2784 2127 inde
2822 2050 3037 2157 apud

439 2147 570 2230 Cl.
605 2154 1054 2238 Maximum
1084 2157 1367 2241 Africae
1392 2166 1706 2244 Procos.
1731 2158 1776 2240 a
1817 2160 2124 2258 Licinio
2161 2157 2604 2246 AEmiliano
2647 2184 2816 2237 reus
2851 2166 3029 2240 Ma-

439 2262 590 2369 giae
623 2267 1303 2381 postulatu5,quod
1335 2267 1627 2354 scilicet
1669 2269 2248 2385 sexagenariam
2285 2335 2305 2367 ‚
2384 2269 2504 2349 ost
2551 2271 2873 2382 longam
2916 2277 3032 2353 vi-

436 2372 870 2484 duitatem,
919 2384 1392 2464 carminibus
1433 2392 1537 2466 ad
1587 2384 1690 2465 sui
1730 2408 2046 2468 aetatem
2084 2382 2264 2465 flexi
2332 2403 2452 2485 et,
2515 2405 2604 2463 ut
2644 2387 3030 2495 grandem

422 2483 702 2573 dotem
760 2499 1059 2575 amanti
1096 2495 1397 2593 mulieri
1456 2518 2012 2612 extorqueret5
2067 2493 2195 2574 sed
2240 2493 2600 2577 adversus
2637 2496 3033 2580 intentata

430 2603 759 2686 crimina
821 2604 1140 2720 insignis
1224 2607 1705 2722 eloquentiae
1833 2611 2128 2694 raefidio
2190 2611 2531 2689 munitus
2584 2610 3033 2721 peritiffime

434 2711 805 2800 velitatur
851 2787 875 2824 ,
943 2744 1201 2834 eaque
1261 2726 1676 2805 innocenti
1782 2750 1912 2806 ine
1946 2717 2171 2808 causa
2214 2718 2805 2834 objeaastonga
2849 2745 3032 2811 ora-

427 2824 652 2908 tione
693 2833 1063 2920 ostendit.
1146 2838 1442 2951 Magiae
1486 2859 1751 2920 tamen
1830 2830 2245 2918 noscendae
2287 2831 2668 2915 desiderio
2719 2835 3032 2918 ardenti

426 2929 505 3014 se
549 2938 915 3058 flagrasse
955 2942 1222 3028 scribit
1248 3013 1272 3052 ,
1317 2974 1559 3063 atque
1581 2951 1765 3031 ideo
1802 2947 2287 3034 Thessaliam
2328 2947 2726 3029 maleficiis
2765 2943 3029 3029 famo.

426 3045 585 3131 sam
637 3057 941 3169 petiisse
984 3123 1008 3162 ,
1056 3061 1196 3142 nifi
1263 3063 1433 3144 haec
1493 3064 1939 3166 imitatione
2011 3065 2271 3145 Graeci
2324 3062 2658 3145 austoris
2705 3126 2729 3164 ,
2784 3086 3028 3172 quem

431 3172 972 3277 exprimebat,
993 3171 1400 3288 scripserit.
1430 3175 1687 3261 Multa
1718 3184 1799 3259 ὃ(
1831 3179 2029 3256 mira
2070 3173 2170 3253 de
2199 3197 2300 3254 eo
2338 3173 2625 3254 tradita
2647 3238 2670 3274 ,
2693 3198 2791 3252 ac
2820 3176 3032 3286 peri-

431 3279 797 3366 tiffirnum
827 3289 1108 3368 artium
1159 3288 1714 3400 Magicarum,
1764 3294 1848 3370 &
1892 3283 2217 3367 Christo
2238 3280 2678 3397 praest'antia‘i
2697 3285 3032 3369 miracu..

422 3382 689 3475 lorum
760 3397 1239 3513 superiorem
1296 3398 1402 3480 ab
1457 3401 1815 3486 Ethnicis
1870 3398 2335 3481 aestimatum
2441 3397 2892 3480 Laetantius
2945 3405 3032 3485 ὃς

428 3509 910 3620 Augustinus
969 3516 1365 3593 memoria:
1406 3516 1951 3624 prodiderunt.
1996 3511 2249 3628 Qiod
2271 3535 2461 3592 vero
2479 3511 2690 3592 idem
2732 3512 3029 3595 D.Au-

435 3621 777 3727 gustinus
825 3648 1101 3728 notat,
1153 3623 1367 3736 quasi
1414 3625 1787 3738 praeclara
1817 3621 1947 3707 sua
1983 3624 2447 3736 eloquentia
2534 3630 2618 3708 &
2679 3625 3026 3736 Magicis
3081 3673 3084 3676 Δ

435 3733 732 3816 artibus
781 3764 879 3820 ne
919 3742 1025 3822 ad
1057 3737 1404 3850 aliquam
1441 3739 1768 3850 quidem
1803 3739 2281 3842 judiciariam
2323 3735 2800 3849 potestatem
2851 3761 3029 3849 per.

432 3848 707 3929 venire
746 3846 1119 3964 potuisset
1152 3915 1177 3952 ‚
1220 3848 1467 3931 nolim
1518 3850 1629 3930 illi
1672 3853 1869 3932 vitio
1919 3852 2114 3932 dari.
2209 3850 2474 3934 Multa
2501 3845 2867 3961 profe&o
2905 3849 3029 3931 in-

422 3966 828 4046 tervenire
868 3985 1301 4076 potuerunt
1348 4027 1374 4063 ,
1433 3988 1607 4073 quae
1666 3963 2144 4071 impedirent
2196 4027 2218 4060 ,
2281 3987 2387 4043 ne
2427 3959 2845 4049 virtutibus
2900 3964 3031 4044 tri-

423 4074 859 4160 buerentur
889 4080 1166 4159 merita
1193 4141 1216 4177 ,
1251 4103 1428 4188 quae
1454 4077 1624 4181 jure
1661 4067 1793 4153 suo
1827 4091 2098 4187 petere
2134 4069 2589 4179 debebant3
2622 4097 2867 4182 prave
2892 4075 3027 4181 ju-
3115 4157 3120 4160 ,

422 4187 863 4273 dicantiurn
893 4216 1151 4292 error,
1202 4189 1498 4271 invidia
1535 4187 2098 4298 aequalium,&
2137 4183 2616 4298 singulorum
2660 4185 3027 4295 quaedam

427 4303 787 4412 perversa
830 4306 1141 4387 caecitas
1168 4367 1196 4405 ,
1238 4305 1394 4412 qua
1434 4302 1777 4415 indignis
1798 4295 2040 4381 fasces
2087 4294 2482 4384 deferunt.
2529 4300 2738 4379 Cum
2773 4298 3031 4407 gratia

424 4440 565 4495 aut
611 4419 888 4499 odium
917 4420 1255 4530 imperat
1283 4415 1563 4517 ,idem
1608 4411 1741 4495 ille
1800 4411 2013 4491 orbis
2075 4414 2243 4521 pari
2302 4409 2692 4517 vertigine
2732 4403 3032 4519 semper

427 4530 1104 4632 circumvolvitur,
1135 4533 1214 4610 in
1255 4555 1420 4639 quo
1466 4545 1799 4641 praetura
1840 4523 2244 4603 Catonem
2287 4518 2646 4634 negligit.
2700 4519 3033 4638 Nempe

425 4647 613 4756 quia
653 4671 826 4732 non
872 4642 1288 4728 adsecutus
1325 4637 1732 4758 Apuleius,
1762 4661 1937 4749 quae
1966 4634 2297 4738 ,virtutes
2344 4641 2428 4722 ὃ(
2467 4635 2768 4748 ingenii
2817 4635 3039 4723 bona.

2567 4752 2603 4835 ῖ
2642 4749 2721 4862 iij
