4087 5702
1872 370 1969 457 ⁶1>
2018 364 2095 459 R
2149 363 2273 457 AE
2302 367 2375 455 F
2415 369 2494 457 A
2542 363 2621 458 T
2654 363 2716 456 I
2743 369 2842 454 0.

1059 494 1326 589 criter
1367 520 1892 628 promotum
1938 499 2043 588 iri
2117 489 2664 616 studia,non
2735 483 3018 589 solum
3066 499 3405 629 privata
3457 506 3660 602 Re·-

1056 636 1184 770 gii
1229 620 1353 725 sui
1405 629 1836 754 Alumni,
1896 627 2047 729 sed
2088 640 2364 732 etiam
2425 625 2789 766 publica
2858 662 3195 733 caeterae
3256 647 3654 755 juventu-

1060 774 1175 864 tis
1223 848 1253 891 ,
1306 762 1379 867 fi
1431 779 1925 908 Scriptores
1989 777 2288 872 Latini
2357 805 2675 867 omnes
2745 776 3480 909 interpretatione
3527 769 3654 871 fa-

1055 902 1339 1004 ciliori
1374 988 1405 1033 ,
1474 927 1563 1009 δι
1614 916 1847 1009 notis
1916 943 2101 1010 non
2171 908 2868 1009 ad'eruditionis
2948 910 3654 1013 ostentationem

1057 1037 1714 1148 luxuriantrbus
1766 1129 1797 1174 ,
1850 1042 1996 1148 sed
2051 1046 2166 1144 ad
2213 1042 2841 1145 difficultatum
2913 1057 3322 1149 omnium
3371 1050 3660 1188 expla-

1059 1190 1525 1285 nationem
1560 1184 2009 1286 concinne*
2060 1188 2544 1284 contractis
2607 1182 3250 1287 illustrarentur
3301 1241 3326 1310 ς
3401 1225 3662 1293 com.

1057 1329 1532 1425 municato
1580 1322 1952 1423 consilio
1998 1361 2210 1423 cum
2260 1319 2837 1424 lllustrisfimo
2884 1323 3666 1431 Condomensrum

1062 1458 1331 1558 antea
1355 1547 1386 1592 ,
1432 1499 1671 1562 nunc
1720 1460 2327 1563 Meldenssum
2379 1452 2822 1597 Episcopo
2879 1469 2943 1573 -J
2971 1498 3028 1560 Α
3057 1498 3282 1563 con
3315 1502 3382 1566 o
3482 1480 3553 1566 B
3588 1502 3677 1569 ε-

1064 1633 1134 1698 N
1163 1635 1197 1697 1
1225 1636 1288 1698 o
1322 1642 1387 1707 N
1420 1641 1484 1707 ο
1577 1588 1809 1706 Βοὲς
1836 1640 1901 1700 u
1926 1634 1983 1701 Ε
2007 1641 2070 1703 τ
2099 1636 2132 1700 1
2159 1641 2222 1708 0
2287 1609 2516 1703 Viro
2565 1595 3235 1738 elegantrffimis
3281 1599 3672 1703 firmiff-

1059 1731 1253 1837 mis
1321 1778 1408 1840 ie
1459 1775 1625 1880 pro
1652 1742 1888 1840 Fidei
1939 1736 2449 1842 Catholieae
2491 1731 2964 1836 affertione
3007 1732 3352 1876 seriptis
3386 1820 3417 1865 ,
3468 1741 3686 1838 stre-

1062 1774 1439 2021 nuigqlue
1544 1873 1952 1980 adversus
2043 1873 2449 1981 haerefim
2558 1872 3372 1979 conflictationibus
3467 1913 3668 1982 toto

1063 2014 1293 2117 orbe
1356 2015 1816 2118 notiffimo
1861 2100 1891 2143 ,
1968 2028 2352 2156 vitaeque
2419 2052 2531 2113 ac
2582 2050 2943 2111 morum
3010 2009 3436 2115 suavitate
3476 2100 3502 2141 ,
3572 2035 3675 2120 δι

1062 2146 1649 2260 sanffimonia
1719 2193 1907 2254 non
1974 2164 2263 2258 minus
2322 2233 2355 2272 ,
2424 2186 2703 2289 quam
2774 2159 3233 2253 Doctrina:
3281 2153 3666 2294 profun-

1064 2294 1349 2389 ditate
1398 2372 1426 2415 ,
1500 2310 1588 2389 δε
1648 2288 2070 2426 pastorali
2132 2322 2345 2385 cura
2407 2286 3053 2392 commendato
3128 2368 3159 2413 ,
3233 2299 3382 2388 cui
3460 2334 3664 2397 eru-

1026 2426 1382 2534 ·dicndi
1448 2445 2293 2533 Snnssuusum
2417 2437 3086 2534 Der-ruini
3151 2463 3474 2531 munus
3539 2443 3666 2534 in-

1065 2560 1897 2678 cumbebat3suafit
1941 2574 2178 2708 Regi
2214 2561 3090 2691 munificentiffimo,
3140 2602 3248 2666 ac
3290 2603 3457 2705 pro
3501 2610 3660 2695 ea,

1069 2739 1258 2846 qua
1313 2705 1556 2807 valet
1602 2707 1846 2841 apud
1890 2699 2222 2844 ipsum,
2273 2708 2813 2821 auetoritate
2876 2695 3138 2808 facile
3190 2702 3658 2845 persuasit,

1030 2853 1201 2945 .uti
1241 2843 1580 2948 seledkis
1625 2854 2008 2951 Viris-*ea
2053 2853 2507 2983 provincia
2551 2843 3274 2963 demandaretur.
3363 2953 3372 2960 ,

1212 2996 1455 3088 Cum
1498 3018 1808 3086 autem
1850 3022 2002 3087 eos
2052 3021 2368 3086 omnes
2418 2986 2905 3109 Auctores,
2958 2995 3118 3125 qui
3167 2993 3342 3086 teri
3371 2995 3659 3130 magis

1070 3132 1165 3224 in
1198 3120 1509 3224 scholis
1548 3121 1883 3249 solent,
1926 3135 2112 3259 jam
2137 3122 2713 3263 occupassent
2755 3125 2903 3227 alii
2928 3132 3115 3224 Viri
3157 3124 3658 3228 eruditione

1073 3299 1185 3363 ac
1226 3264 1634 3366 dunfini
1658 3262 2217 3400 praestantes;
2266 3299 2446 3403 ego
2488 3297 2867 3403 quoque
2919 3273 3008 3364 in
3048 3296 3408 3399 partem
3451 3302 3661 3409 ope-

1071 3411 1186 3501 ris
1275 3438 1642 3501 vocatus
1714 3399 2411 3509 Madaurensem
2476 3401 2717 3503 hunc
2803 3399 3377 3506 Platonicum
3441 3402 3662 3502 mihi

1073 3536 1613 3678 depoposci,
1649 3535 2094 3641 Africanae
2118 3537 2487 3681 quidem
2536 3556 2626 3645 δε
2660 3539 3029 3644 durioris
3086 3536 3359 3676 paulo
3423 3537 3663 3646 locu·

1074 3685 1342 3777 tionis
1375 3756 1404 3801 ,
1453 3674 1601 3778 sed
1638 3676 2154 3783 eruditionis
2218 3669 2922 3781 reconditissimae
2960 3756 2993 3799 ‚
3040 3695 3131 3780 δε
3203 3687 3664 3816 praecipuae

1076 3814 1674 3938 difficultatiS,
1697 3853 1998 3958 eoque
2026 3827 2393 3920 nomine
2417 3818 2740 3919 eadem
2766 3820 2952 3956 qua
2988 3831 3314 3954 poetas
3353 3818 3601 3917 veste
3630 3899 3656 3942 ,

1061 3954 1261 4059 'hoc
1305 3954 1440 4053 est
1481 4037 1511 4082 ,
1566 3989 1882 4095 praeter
1979 3990 2241 4059 notas
2303 4038 2335 4077 ,
2397 3965 3134 4093 interpretatione
3228 3989 3664 4093 perpetua

1078 4096 1720 4196 exornandum.
2699 4195 2710 4202 ,

1215 4234 1502 4372 Qod
1538 4269 1643 4333 ut
1666 4240 2164 4332 accuratius
2198 4229 2731 4369 perficerem
2777 4312 2808 4358 ,
2867 4229 3251 4369 prolixos
3283 4229 3574 4371 Philip
3638 4243 3671 4336 i

1083 4373 1504 4478 Beroaldi
1588 4380 1680 4472 in
1748 4369 2007 4503 hujus
2076 4382 2538 4510 Scriptoris
2607 4369 3393 4511 Metamorphosm
3521 4268 3675 4473 sepu

1079 4507 1464 4613 Afinum
1529 4521 2273 4635 commentarios,
2319 4508 3008 4647 copiofiffirnam
3068 4519 3434 4629 Ioannis
3505 4521 3679 4624 Pni-

1038 4655 1240 4751 ·caei
1261 4681 1513 4778 ,tum
1554 4656 1647 4751 in
1692 4652 2080 4788 eandem
2125 4647 2913 4793 Metamorphofin
2949 4736 2985 4786 ,
3039 4687 3235 4758 tum
3280 4662 3378 4760 in
3420 4662 3684 4788 Apo-

3348 4792 3695 4931 logiam
