4087 5702
422 445 734 572 suoque
776 454 1271 578 Philosopho
1334 486 1680 579 accepto
1727 473 1806 550 δι
1871 463 2429 564 convenienti,
2491 476 2802 546 tantum
2870 489 3038 549 non

422 569 703 651 divina
744 580 1112 657 oratione
1183 604 1436 692 prope
1493 580 1826 659 dixerim
1903 575 2209 658 exultat
2270 641 2294 678 ,
2342 582 2422 657 &
2493 600 3037 687 paupertatem

414 684 557 762 vel
594 685 965 771 divitibus
1013 689 1227 771 ultro
1255 691 1782 804 expetendam
1808 694 2210 804 proponit.
2280 690 2378 770 Et
2413 688 2596 767 sane
2628 690 3035 777 verisimile

416 795 793 902 videtur,
834 829 1014 884 cum
1040 803 1426 918 Apuleius
1455 808 1713 885 minus
1746 803 1818 883 se
1858 801 2342 913 locupletem
2388 826 2746 915 cerneret
2780 868 2804 906 ‚
2847 806 3032 886 ideo

407 901 729 991 facilius
759 912 1311 1031 impulsum,ut
1348 919 1693 1002 AEmiliae
1730 917 2196 997 Pudentilla:
2215 918 2524 1028 nuptias
2577 942 2738 994 non
2777 918 3033 1030 alper-

414 1044 750 1104 naretur
784 1056 1024 1136 3nam
1069 1029 1421 1140 alioquin
1452 1056 1726 1141 parum
1768 1027 2336 1142 dignumgillius
2379 1030 2746 1143 ingeni0‚
2775 1053 2862 1110 ut
2898 1033 3028 1137 ju-

423 1139 652 1215 venis
669 1166 1013 1251 corpore
1034 1150 1113 1225 ὅ(
1135 1146 1404 1223 animo
1428 1144 1744 1257 elegans
1769 1143 2096 1221 duceret
2119 1142 2431 1221 viduam
2458 1209 2480 1241 ,
2508 1139 2733 1221 nullis
2754 1139 3031 1230 formae

425 1241 999 1333 blandimentis
1027 1321 1050 1357 ,
1107 1263 1191 1339 ὃ(
1225 1261 1451 1336 annis
1489 1260 1715 1337 rebus
1762 1252 2215 1367 voluptariis
2246 1259 2412 1366 jam
2459 1252 2627 1335 fere
2670 1254 3029 1341 abnuen-

420 1357 656 1438 tibus
682 1425 704 1463 ,
731 1365 868 1444 nifi
894 1370 1198 1478 prolixa
1222 1371 1417 1448 dote
1444 1367 2264 1471 &molliconditione
2305 1371 2701 1454 invitatus.
2751 1397 3029 1479 quam.

427 1470 553 1552 vis
591 1472 744 1582 ipse
781 1478 1039 1558 multis
1090 1478 1347 1561 verbis
1394 1483 1702 1562 amoliri
1755 1505 2091 1561 conatur
2139 1546 2162 1581 ,
2207 1481 2417 1560 hanc
2467 1479 3024 1594 suspicionem,

421 1580 799 1692 nullaque
859 1596 1198 1676 avaritiae
1243 1579 1471 1674 caiisa
1524 1591 1978 1706 concupisse
2030 1619 2351 1675 uxorem
2411 1619 2507 1674 ex
2557 1594 2838 1675 tabulis
2877 1604 3027 1681 ‚do-

423 1716 576 1775 cet.
645 1702 834 1894 Qla
904 1731 1093 1784 vero
1158 1709 1579 1790 occasione
1626 1712 1891 1791 Oeam
1943 1709 2245 1786 venerit
2279 1773 2297 1803 ,
2348 1734 2500 1816 qua
2556 1708 3024 1794 conditione

415 1806 763 1894 Pudenti
803 1816 889 1898 1ae
930 1824 1438 1900 matrimonio
1476 1824 1779 1927 junctus
1827 1818 1916 1900 fit
1943 1821 2313 1931 ,copiose
2343 1843 2630 1903 narrat.
2719 1829 2733 1899 l
2774 1849 2820 1901 x
2867 1824 3026 1907 hac

412 1938 689 2006 tamen
772 1927 1164 2043 utriusque
1253 1934 1865 2016 diffimilitudine
1929 1955 2113 2013 nata
2170 1936 2443 2044 opinio
2501 2000 2523 2037 ,
2585 1960 2899 2015 veneno
2939 1947 3027 2020 δι

420 2041 749 2148 magicis
791 2044 1189 2124 maleficiis
1253 2052 1608 2130 coactam
1665 2047 2067 2126 mulierem
2119 2040 2446 2156 nupsisse
2495 2115 2515 2148 ,
2581 2048 2770 2128 inde
2808 2052 3024 2159 apud

425 2146 557 2229 cl.
591 2154 1037 2236 Maximum
1068 2155 1351 2241 Africae
1377 2165 1692 2243 procos.
1716 2158 1762 2240 a
1802 2160 2110 2259 Licinio
2147 2158 2590 2247 AEmiliano
2632 2186 2801 2238 reus
2837 2167 3014 2243 Ma-

427 2260 577 2367 giae
608 2266 1287 2379 postulatus,quod
1319 2266 1612 2354 scilicet
1654 2269 2233 2384 sexagenariam
2271 2335 2290 2369 ‚
2370 2270 2488 2351 ost
2536 2272 2859 2384 longam
2904 2279 3019 2356 vi-

425 2370 853 2483 diritatem,
903 2384 1376 2464 carminibus
1416 2391 1521 2465 ad
1571 2382 1675 2465 sui
1715 2407 2037 2468 aetatem·
2070 2382 2250 2466 flexi
2317 2404 2438 2486 et,
2500 2408 2587 2464 ut
2628 2389 3015 2496 grandem

408 2481 686 2571 dotem
744 2498 1042 2573 amanti
1079 2495 1382 2592 mulieri
1440 2520 1997 2612 extorqueret3
2052 2493 2180 2576 sed
2225 2494 2585 2577 adversus
2622 2498 3018 2582 intentata

413 2600 742 2684 crimina
807 2604 1125 2720 insignis
1209 2606 1690 2722 eloquentiae
1818 2611 2112 2694 raefidio
2174 2612 2515 2689 munitus
2569 2612 3017 2723 peritiffime

418 2709 789 2799 velitatur
836 2785 860 2822 ‚
927 2743 1185 2834 eaque
1245 2726 1660 2805 innocenti
1766 2750 1896 2805 ine
1931 2718 2156 2809 causa
2199 2720 2788 2837 obje&a‚longa
2833 2748 3016 2813 ora-

410 2822 635 2907 tione
677 2831 1047 2920 ostendit.
1130 2838 1426 2950 Magiae
1471 2859 1735 2919 tamen
1814 2831 2229 2918 noscendae
2271 2833 2653 2917 defiderio
2703 2837 3016 2920 ardenti

409 2928 489 3013 se
533 2937 899 3058 flagraffe
938 2942 1205 3029 scribit
1231 3013 1255 3052 ‚
1301 2951 1751 3064 atqueideo
1785 2946 2270 3035 Thessaliam
2311 2948 2710 3030 maleficiis
2749 2945 3012 3031 famo.

408 3044 569 3130 sam
621 3057 924 3169 petiiffe
968 3124 993 3162 ,
1040 3061 1180 3143 nifi
1246 3062 1417 3143 haec
1476 3065 1923 3166 imitatione
1995 3066 2256 3145 Graeci
2309 3064 2641 3147 auctoris
2688 3129 2713 3166 ‚
2767 3088 3012 3175 quem

414 3172 956 3276 exprimebat,
977 3171 1385 3287 scripserit,
1414 3176 1670 3261 Multa
1702 3184 1783 3259 ὃ(
1814 3180 2012 3257 mira
2054 3173 2154 3254 de
2183 3197 2284 3255 eo
2323 3175 2609 3256 tradita
2629 3239 2653 3276 ,
2678 3200 2775 3255 ac
2805 3179 3013 3288 peri..

412 3279 780 3365 tiffimum
810 3288 1095 3367 artium
1145 3287 1645 3400 Magicarum
1672 3354 1696 3392 ‚
1748 3296 1832 3371 &
1876 3284 2200 3369 Christo
2221 3281 2661 3398 praest'antia‘i
2679 3286 3014 3370 miracu..

405 3381 672 3475 lorum
742 3396 1223 3513 superiorem
1280 3399 1385 3480 ab
1440 3402 1799 3487 Ethnicis
1853 3399 2319 3482 aestimatum
2425 3399 2876 3481 Lastantius
2928 3407 3015 3487 3:

410 3509 891 3619 Augustinus
950 3515 1349 3593 memoriae
1390 3516 1933 3626 prodiderunt.
1978 3512 2232 3629 Qod
2255 3537 2444 3593 vero
2461 3513 2673 3593 idem
2715 3514 3012 3597 D.Au-

418 3620 759 3725 gustinus
808 3648 1082 3728 notat,
1135 3623 1350 3737 quafi
1398 3625 1771 3738 praeclara
1799 3622 1930 3707 sua
1966 3625 2429 3736 eloquentia
2517 3632 2600 3709 δι
2660 3626 3008 3737 Magicis
3061 3673 3065 3677 Δ

419 3731 718 3813 artibus
766 3763 863 3817 ne
901 3741 1008 3821 ad
1039 3737 1387 3851 aliquam
1425 3740 1750 3850 quidem
1785 3740 2264 3842 judiciariam
2306 3736 2783 3850 potestatem
2833 3762 3012 3850 per.

415 3847 690 3928 venire
731 3846 1100 3964 potuisset
1134 3915 1160 3953 ‚
1201 3848 1451 3932 nolim
1501 3850 1610 3931 illi
1656 3853 1852 3933 vitio
1901 3852 2096 3933 dari.
2191 3850 2456 3936 Multa
2484 3847 2849 3962 profesto
2887 3851 3012 3932 in·

405 3965 810 4045 tervenire
851 3986 1283 4075 potuerunt
1329 4027 1355 4065 ,
1415 3990 1590 4073 quae
1648 3964 2127 4074 impedirent
2178 4028 2200 4061 ,
2264 3987 2368 4043 ne
2409 3961 2828 4050 virtutibus
2882 3966 3014 4046 tri·

406 4072 841 4159 buerentur
871 4079 1147 4157 merita
1174 4141 1198 4179 ‚
1232 4104 1409 4188 quae
1437 4079 1607 4182 jure
1644 4069 1776 4154 suo
1809 4092 2080 4188 petere
2116 4070 2569 4180 debebant3
2604 4099 2849 4184 prave
2874 4078 3009 4183 ju-
3097 4159 3102 4164 Α

404 4183 844 4272 ditantium
873 4213 1132 4292 error,
1182 4190 1481 4272 invidia
1517 4189 1928 4301 aequalium
1952 4192 2080 4290 ,&
2119 4185 2597 4300 fingulorum
2642 4186 3009 4297 quaedam

407 4301 767 4410 perversa
809 4305 1122 4385 excitas
1150 4367 1177 4403 ,
1219 4305 1376 4413 qua
1417 4303 1759 4416 indignis
1780 4296 2022 4382 fasces
2069 4297 2464 4386 deferunt.
2510 4302 2719 4381 Cum
2755 4301 3012 4410 gratia

403 4438 545 4508 aut
591 4418 866 4498 odium
896 4418 1237 4527 imperat
1265 4480 1287 4519 ‚
1316 4416 1545 4497 idem
1591 4412 1722 4496 ille
1782 4413 1994 4493 orbis
2056 4415 2225 4524 pari
2283 4411 2673 4519 vertigine
2714 4405 3014 4522 semper

404 4528 1086 4630 circumvolvitur,
1117 4531 1198 4607 in
1237 4554 1402 4639 quo
1448 4547 1782 4643 praetura
1822 4525 2225 4604 Catonem
2268 4520 2627 4635 negligit.
2681 4521 3015 4640 Nempe

406 4645 601 4753 quia
642 4668 807 4726 non
850 4639 1268 4727 adsecutus
1306 4639 1713 4759 ApuleiuS‚
1743 4661 1918 4750 quae
1948 4637 2279 4740 ,virtutes
2325 4641 2409 4722 ὃ(
2448 4637 2748 4750 ingenii
2798 4637 3020 4725 bona

2548 4754 2584 4837 ἵ
2623 4751 2702 4865 iij
