4087 5702
1282 496 1379 582 ‘P
1432 494 1509 583 R
1553 493 1680 578 AE
1714 498 1784 580 F
1821 497 1899 581 A
1943 490 2020 579 T
2056 495 2120 580 I
2149 497 2249 580 O.

461 619 802 766 logiam
832 704 861 746 ‚
891 616 1694 753 Collestaneotum
1718 610 2062 754 sylvam
2104 698 2135 744 ,
2181 606 2453 718 Isaaci
2497 614 3016 722 Casauboni
3046 710 3085 753 ,

467 778 556 862 ὅ(
595 767 1032 901 Scipionis
1082 759 1461 860 Gentilis
1504 766 1593 853 in
1626 759 2013 856 eandem
2067 758 2615 901 Apologiam
2672 754 3084 862 observa-

467 911 794 1029 tioneS,
823 898 1492 1021 Elmenhorstii‚
1510 905 2120 1036 Woweriique
2145 931 2436 1028 notas,
2456 898 2652 996 Gas
2635 933 2720 1035 p.
2750 895 3081 1041 Schop-

469 1051 598 1180 pii
624 1050 713 1139 in
741 1078 1027 1181 opera
1046 1041 1234 1139 haec
1259 1045 1566 1138 omnia
1594 1032 2101 1172 symbolam
2142 1044 2574 1138 Criticam
2605 1119 2631 1163 ‚
2694 1055 2782 1137 δε
2826 1043 3084 1178 quid·

471 1183 694 1321 quid
736 1179 1281 1280 stewechius
1330 1256 1354 1298 ,
1402 1186 1859 1300 BrantiuS,
1927 1174 2392 1303 BarthiuS,
2435 1174 2771 1315 Lipsius
2817 1258 2849 1301 ,
2905 1180 3086 1280 alii-

475 1357 710 1459 que,
736 1352 1203 1458 quotquot
1240 1327 1331 1415 in
1369 1352 1679 1415 manus
1704 1323 2008 1415 venire
2042 1348 2563 1449 potuerunt,
2588 1327 2677 1416 in
2731 1317 3084 1458 aliquos

485 1465 866 1559 austoris
910 1456 1174 1587 hujus
1219 1453 1470 1553 locos
1537 1445 2057 1592 scripserunt
2080 1449 2508 1578 ,’summo
2553 1457 2842 1554 studio
2891 1492 3086 1594 per-

477 1597 763 1723 volvi,
811 1614 900 1694 &
956 1632 1064 1693 ex
1107 1603 1206 1692 iis
1253 1678 1280 1717 ‚
1318 1632 1519 1735 quae
1565 1604 1955 1694 maxime
2005 1594 2122 1690 ad
2163 1629 2356 1691 rem
2421 1589 2596 1694 visa
2658 1592 2856 1694 sunt
2883 1678 2914 1722 ‚
2987 1608 3084 1699 in

470 1742 1307 1873 interpretationem
1342 1808 1376 1855 ‚
1421 1730 1785 1832 notasve
1860 1733 2215 1832 nostras
2281 1735 2679 1835 transtuli
2716 1812 2744 1855 ,
2788 1738 3083 1838 lauda-

470 1878 579 1973 tis
631 1873 1214 2012 utplurimum
1285 1869 1825 1980 austoribus.
1953 1908 2150 2012 quae
2223 1871 2342 1971 ab
2395 1874 2556 1972 illis
2604 1874 3077 2015 neglecta,

473 2048 634 2112 aut
691 2011 1172 2112 transcursa
1217 2017 1586 2114 fuerunt
1636 2029 1663 2134 (
1711 2006 2075 2112 fiierunt
2143 2048 2680 2112 autemnon
2737 2045 3078 2151 pauca)

546 2187 764 2249 uam
841 2156 1185 2286 optime
1253 2162 1510 2289 potui
1576 2187 1999 2251 executus
2073 2148 2294 2250 sum.
2385 2148 3082 2288 Philosophicos

481 2188 923 2428 Periptoris
972 2288 1230 2423 hujus
1257 2291 1546 2391 'libros
1579 2374 1608 2416 ‚
1646 2329 1878 2431 quos
1910 2297 2173 2427 pauci
2204 2284 2702 2387 admodum
2753 2310 2838 2389 δε
2891 2296 3086 2407 obi.

476 2460 616 2526 ter
659 2462 1008 2528 tantum
1045 2467 1151 2528 ac
1202 2426 1733 2570 pauciffimis
1777 2439 1869 2529 in
1927 2428 2146 2527 locis
2195 2439 2686 2570 attigerant
2732 2505 2763 2554 ‚
2814 2432 3087 2539 addu-

474 2571 639 2665 etis
692 2605 800 2666 ex
842 2568 1274 2691 Platone,
1315 2589 1405 2673 &
1454 2568 1948 2673 Aristotele
1983 2648 2017 2695 ‚
2060 2568 2304 2667 unde
2351 2564 2791 2709 desumpti
2834 2565 3086 2703 sunt,

406 2802 413 2807 .
475 2703 908 2806 similibus
970 2706 1627 2813 diffimilibusve
1662 2791 1697 2835 ,
1740 2708 2210 2811 enucleavi
2247 2788 2282 2833 ‚
2329 2708 2853 2847 explanavi,
2895 2706 3091 2857 sup-

474 2845 757 2986 plevi.
822 2846 1205 2951 Librum
1263 2870 1414 2961 ιωῖὲὶ
1488 2874 1920 2983 ἑρμηνείαις,
1969 2843 2148 2950 five
2212 2870 2347 2949 De
2402 2854 2881 2991 Sylloglstno
2930 2877 3082 2958 Ca-

477 2995 842 3128 tegorico
892 2982 1383 3090 foediffime
1429 3023 1953 3128 corruptum
2004 2987 2626 3127 compluribus
2680 2992 2901 3091 locis
2968 3031 3098 3094 re·-

480 3124 722 3225 stitui
765 3161 947 3267 ope
990 3130 1377 3230 duorum
1416 3124 1689 3225 libelli
1755 3163 2108 3228 tantum
2157 3139 2346 3260 ejus
2417 3128 3094 3269 Manuscripto.

485 3301 686 3364 rum
782 3267 1234 3368 Codicum
1312 3263 2110 3367 vetustiffimorum
2162 3346 2193 3392 ‚
2367 3277 2460 3364 ui
2556 3275 2648 3364 in·
2741 3269 3087 3369 Biblio..

482 3402 753 3504 theca
800 3405 1100 3504 nostra
1151 3411 1542 3545 Capituli
1590 3401 2167 3508 Carnotenfis
2204 3301 2770 3509 asper-vantur.
2856 3417 3108 3520 Juvit·

491 3553 759 3643 etiam
834 3583 985 3643 me
1052 3547 1465 3671 =nonnihil
1546 3555 1638 3644 in
1700 3546 2241 3686 exponendo
2311 3544 2614 3643 libello
2678 3567 2836 3652 ‘De
2909 3571 3096 3651 Deo

498 3693 856 3782 Socratis
910 3680 1569 3824 Manuscriptus
1642 3695 1827 3817 ejus
1894 3683 2104 3785 libri
2169 3686 2466 3784 codex
2513 3683 3095 3792 Bibliothecae

498 3851 716 3919 tunc
758 3822 1211 3949 Thuanae,
1267 3863 1506 3924 nunc
1539 3822 2162 3925 Menai-fianae.

658 3963 830 4061 Sed
876 3970 1264 4063 nitorem
1303 3961 1553 4063 suum
1617 4001 1724 4060 ac
1768 3962 2336 4098 splendorem
2381 4041 2417 4087 ,
2480 3960 2551 4061 si
2609 4003 2882 4102 quem
2945 3965 3103 4068 ha·-

492 4095 875 4198 bethoc
930 4137 1155 4239 opus
1198 4187 1230 4228 ‚
1298 4111 1689 4201 maxime
1763 4093 2039 4198 debet
2104 4108 2290 4199 acri
2355 4117 2443 4202 δι
2508 4100 2822 4201 limato
2886 4111 3108 4236 judi-

486 4245 640 4334 cio
691 4248 884 4343 Viri
976 4245 1807 4344 omni.eruditionis
1867 4276 2204 4382 genere
2275 4275 2470 4340 tota
2544 4255 2907 4379 Europa
2949 4280 3104 4341 ce..

488 4373 1041 4479 lebratissimi
1066 4461 1099 4505 ‚
1126 4400 1213 4480 ὅ(
1256 4383 1602 4521 optime
1651 4420 1860 4481 cum
1892 4387 2001 4479 de
2055 4386 2194 4484 Re
2225 4390 2733 4498 Litteraria,
2770 4416 2960 4479 tum
2986 4385 3110 4502 de

488 4515 1001 4617 Christiana
1052 4521 1533 4661 Religione
1588 4515 1880 4619 meriti
1945 4530 2013 4619 P
2041 4550 2096 4614 E
2123 4557 2183 4617 τ
2217 4549 2287 4616 R
2320 4555 2352 4615 1
2450 4527 2542 4619 D
2580 4558 2640 4619 A
2672 4555 2736 4620 n
2767 4558 2801 4621 1
2831 4560 2882 4623 F.
2908 4563 2961 4626 ι.
2991 4563 3026 4626 1
3057 4563 3102 4625 s

488 4661 595 4752 H
625 4688 682 4749 u
715 4688 844 4756 ετ
895 4698 929 4759 1
956 4692 990 4755 1
1046 4675 1118 4761 A
1141 4654 1438 4761 bbatis
1469 4660 1897 4762 Alnetani
1923 4740 1952 4782 ‚
1997 4675 2082 4757 ὃ(
2114 4655 2858 4759 Sucffionensium
2890 4665 3111 4764 Prae·-

482 4789 690 4894 suh's
740 4794 1242 4943 De'signati
1276 4883 1307 4929 ,
1342 4809 1594 4939 cujus
1626 4797 1840 4937 ‘post
1879 4794 2555 4906 Illustriffimum
2597 4811 2831 4939 B·os
2856 4841 2896 4901 s
2924 4838 2983 4899 u
3010 4834 3114 4904 ι·

2749 4949 2804 4982 μ

2735 4982 2784 5041 1
