4087 5702
1885 537 1982 621 ‘P
2031 532 2112 622 R
2156 531 2280 616 AE
2323 533 2392 616 F
2430 532 2511 618 A
2562 528 2641 618 T
2675 531 2736 620 I
2762 535 2830 616 O
2863 589 2887 614 .

1076 695 1143 761 τ
1170 697 1285 760 1u
1316 698 1394 762 M
1439 739 1469 786 ,
1507 668 1597 758 in
1659 656 2153 758 erudiendo
2216 668 2885 762 snm-:mssmo
2956 657 3049 755 D
3080 685 3136 752 Ε
3166 688 3223 754 1.
3251 690 3303 756 Ρ
3328 691 3401 756 Η
3429 694 3467 758 1
3496 690 3562 758 u
3593 692 3662 759 o

1071 798 1470 899 secundae
1518 833 1734 899 tunc
1778 834 2076 937 partes
2152 830 2405 895 erant
2448 874 2482 921 ,
2537 815 2630 898 &
2697 793 3430 905 lucubrationum
3494 834 3671 902 no-

1068 940 1448 1039 strarum
1490 940 1985 1042 arbitrium.
2683 937 2687 940 ’

1212 1082 1543 1210 Adjeci
1594 1085 1709 1181 ad
1755 1080 2102 1182 calcem
2155 1084 2433 1176 totius
2474 1085 2768 1218 operis
2819 1079 3222 1180 Iudicem
3260 1080 3662 1221 locuple.

1075 1217 1499 1319 tissimum
1523 1258 1802 1362 atque
1824 1215 2571 1351 accuratiffimum
2598 1252 2934 1318 vocum
2973 1231 3383 1321 omnium
3404 1307 3432 1350 ‚
3457 1258 3659 1364 quae

1073 1365 1167 1459 in
1207 1357 1389 1459 hoc
1450 1357 1872 1501 scriptore
1917 1366 2543 1496 reperiuntur,
2591 1393 2817 1494 opus
2855 1392 2958 1454 ut
2996 1359 3289 1458 multo
3313 1446 3344 1490 ‚
3377 1399 3664 1502 quam

1140 1509 1360 1599 rima
1407 1495 1716 1605 fronte
1756 1496 2163 1600 videatur
2203 1577 2232 1621 ,
2264 1496 2559 1593 utilius
2608 1577 2637 1620 ,
2694 1504 2818 1591 ita
2886 1510 2976 1594 &
3036 1496 3310 1639 longe
3358 1505 3663 1604 diffici—

1072 1534 1272 1739 lius.
1383 1651 1472 1741 in
1539 1678 1730 1781 quo
1809 1635 2385 1754 conficiendo
2477 1669 2924 1777 quantum
2992 1635 3217 1734 mihi
3275 1634 3664 1764 labori8‚

1075 1812 1522 1918 quantum
1565 1778 1793 1879 taedii
1851 1769 2119 1878 fuerit
2163 1775 2780 1874 devorandum
2814 1851 2846 1894 ‚
2903 1809 3181 1873 nemo
3224 1858 3252 1901 ‚
3299 1775 3461 1876 nisi
3504 1781 3668 1919 qui

1075 1918 1317 2015 idem
1358 1912 1660 2020 laxum
1702 1918 2194 2058 aliquando
2231 1915 2667 2034 volverit,
2710 1911 2946 2011 bene
2997 1915 3580 2017 aestimaverit.

1215 2068 1406 2159 Cur
1469 2084 1777 2159 autem
1836 2092 2026 2157 tam
2098 2054 2289 2156 sero
2343 2055 2460 2149 ad
2530 2088 2619 2150 te
2700 2051 2880 2152 hoc
2940 2087 3171 2190 opus
3269 2058 3318 2156 ἑ
3396 2055 3672 2196 praelo

1079 2204 1445 2324 exierit‚‘
1479 2236 1691 2300 cum
1722 2208 1913 2327 jam
1970 2231 2123 2294 tua
2176 2203 2425 2327 parvi
2498 2185 2835 2286 referat
2896 2183 3170 2311 scire,
3214 2201 3671 2298 narrando

1078 2333 1230 2435 hic
1277 2370 1650 2469 operam
1714 2333 1994 2430 nolim
2059 2329 2337 2428 abuti.
2449 2340 2667 2426 Hoc
2717 2362 3004 2425 unum
3060 2320 3277 2427 scias
3343 2339 3669 2461 velim,

1082 2510 1243 2612 per
1285 2507 1434 2570 me
1495 2512 1686 2574 non
1740 2470 2113 2593 stetisse,
2144 2475 2367 2611 quin
2418 2467 2594 2564 hoc
2680 2464 2985 2563 nostro
3048 2470 3671 2618 qualicunque

1079 2647 1464 2715 munere
1512 2622 1766 2714 citius
1820 2606 2260 2709 fruereris.
2392 2608 2621 2711 Vale
2660 2690 2689 2732 ‚
2767 2614 3171 2713 LEcToR
3223 2649 3674 2742 OPTIME,

1084 2770 1176 2853 &
1206 2743 1702 2857 Ausonium
1745 2762 2122 2856 Poetam
2162 2745 2425 2850 simili
2462 2783 2787 2848 ornatu
2824 2780 3302 2891 compmm
3342 2757 3392 2853 a
3418 2757 3685 2862 nobis

1088 2891 1623 3034 propediem
1670 2892 2102 3035 exspecta.
2423 2902 2431 2910 “
